t,e,tk,ts,pp,ls,ti,lp,pc,c,ft,o,h,l,ap,v,oi,poi,bp1,sp1,bq1,sq1,received_timestamp
tk,NFO,79632,NIFTY24APR25C24300,2,75,0.05,57.40,36.02,42.20,1745209404,53.05,63.20,39.30,51.59,16743750,3242400,1919025,57.25,57.40,75,2850,2025-04-21 09:53:24.046
tf,NFO,79632,,,,,57.05,35.19,,1745209404,,,,,,,,,,,,2025-04-21 09:53:24.344
tf,NFO,79632,,,,,56.60,34.12,,1745209406,,,,51.60,16755675,,,56.60,56.75,1425,1650,2025-04-21 09:53:25.787
tf,NFO,79632,,,,,56.70,34.36,,1745209406,,,,,,,,,,,,2025-04-21 09:53:26.411
tf,NFO,79632,,,,,56.85,34.72,,1745209407,,,,,16760925,,,56.70,56.90,1575,2325,2025-04-21 09:53:27.433
tf,NFO,79632,,,,,56.35,33.53,,1745209408,,,,,,,,,,,,2025-04-21 09:53:28.452
tf,NFO,79632,,,,,56.50,33.89,,1745209409,,,,,16764675,,,56.40,56.55,300,1500,2025-04-21 09:53:29.100
tf,NFO,79632,,,,,56.35,33.53,,1745209409,,,,,,,,,,,,2025-04-21 09:53:29.575
tf,NFO,79632,,,,,56.55,34.00,,1745209410,,,,,,,,,,,,2025-04-21 09:53:30.346
tf,NFO,79632,,,,,56.50,33.89,,1745209411,,,,,16767375,,,56.45,56.65,1350,1425,2025-04-21 09:53:30.739
tf,NFO,79632,,,,,56.95,34.95,,1745209412,,,,,16770225,,,56.55,56.75,1425,2025,2025-04-21 09:53:32.367
tf,NFO,79632,,,,,56.35,33.53,,1745209413,,,,,,,,,,,,2025-04-21 09:53:33.377
tf,NFO,79632,,,,,56.30,33.41,,1745209414,,,,,16772925,,,56.20,56.35,825,1350,2025-04-21 09:53:34.007
tf,NFO,79632,,,,,56.90,34.83,,1745209414,,,,,,,,,,,,2025-04-21 09:53:34.351
tf,NFO,79632,,,,,56.50,33.89,,1745209415,,,,,,,,,,,,2025-04-21 09:53:35.352
tf,NFO,79632,,,,,56.30,33.41,,1745209416,,,,,16776900,,,56.50,56.65,1050,375,2025-04-21 09:53:35.753
tf,NFO,79632,,,,,56.70,34.36,,1745209416,,,,,,,,,,,,2025-04-21 09:53:36.352
tf,NFO,79632,,,,,56.80,34.60,,1745209417,,,,,16778550,,,56.70,56.90,2400,2250,2025-04-21 09:53:37.356
tf,NFO,79632,,,,,56.85,34.72,,1745209418,,,,,,,,,,,,2025-04-21 09:53:38.351
tf,NFO,79632,,,,,56.90,34.83,,1745209419,,,,,16785825,,,56.95,57.10,150,1875,2025-04-21 09:53:39.145
tf,NFO,79632,,,,,57.20,35.55,,1745209419,,,,,,,,,,,,2025-04-21 09:53:39.470
tf,NFO,79632,,,,,57.30,35.78,,1745209420,,,,,,,,,,,,2025-04-21 09:53:40.421
tf,NFO,79632,,,,,57.65,36.61,,1745209421,,,,51.61,16792350,,,57.50,57.65,975,750,2025-04-21 09:53:40.755
tf,NFO,79632,,,,,57.60,36.49,,1745209421,,,,,,,,,,,,2025-04-21 09:53:41.367
tf,NFO,79632,,,,,57.30,35.78,,1745209422,,,,,,,,,,,,2025-04-21 09:53:42.372
tf,NFO,79632,,,,,,,,1745209422,,,,,16798500,,,57.15,57.30,1275,1800,2025-04-21 09:53:42.374
tf,NFO,79632,,,,,56.80,34.60,,1745209423,,,,,,,,,,,,2025-04-21 09:53:43.360
tf,NFO,79632,,,,,56.65,34.24,,1745209424,,,,,16802175,,,56.55,56.65,750,75,2025-04-21 09:53:43.966
tf,NFO,79632,,,,,57.15,35.43,,1745209424,,,,,,,,,,,,2025-04-21 09:53:44.361
tf,NFO,79632,,,,,57.00,35.07,,1745209425,,,,,,,,,,,,2025-04-21 09:53:45.361
tf,NFO,79632,,,,,56.60,34.12,,1745209426,,,,,16805925,,,56.60,56.75,900,825,2025-04-21 09:53:45.850
tf,NFO,79632,,,,,56.65,34.24,,1745209426,,,,,,,,,,,,2025-04-21 09:53:46.489
tf,NFO,79632,,,,,56.85,34.72,,1745209427,,,,,,,,,,,,2025-04-21 09:53:47.358
tf,NFO,79632,,,,,,,,1745209427,,,,,16806825,,,56.90,57.00,1125,900,2025-04-21 09:53:47.391
tf,NFO,79632,,,,,57.10,35.31,,1745209428,,,,,,,,,,,,2025-04-21 09:53:48.368
tf,NFO,79632,,,,,57.00,35.07,,1745209429,,,,,16811325,,,56.75,56.90,1425,1125,2025-04-21 09:53:48.997
tf,NFO,79632,,,,,57.10,35.31,,1745209429,,,,,,,,,,,,2025-04-21 09:53:49.359
tf,NFO,79632,,,,,56.60,34.12,,1745209430,,,,,,,,,,,,2025-04-21 09:53:50.361
tf,NFO,79632,,,,,56.65,34.24,,1745209430,,,,,16814850,,,56.65,56.75,750,75,2025-04-21 09:53:50.589
tf,NFO,79632,,,,,56.90,34.83,,1745209431,,,,,,,,,,,,2025-04-21 09:53:51.369
tf,NFO,79632,,,,,,,,1745209432,,,,,16818225,,,56.80,56.95,975,750,2025-04-21 09:53:52.418
tf,NFO,79632,,,,,57.00,35.07,,1745209433,,,,,,,,,,,,2025-04-21 09:53:53.431
tf,NFO,79632,,,,,56.65,34.24,,1745209434,,,,51.62,16820025,,,56.65,56.80,1500,1650,2025-04-21 09:53:54.040
tf,NFO,79632,,,,,56.75,34.48,,1745209434,,,,,,,,,,,,2025-04-21 09:53:54.397
tf,NFO,79632,,,,,56.35,33.53,,1745209435,,,,,,,,,,,,2025-04-21 09:53:55.416
tf,NFO,79632,,,,,56.40,33.65,,1745209435,,,,,16825875,,,56.60,56.75,225,825,2025-04-21 09:53:55.592
tf,NFO,79632,,,,,56.80,34.60,,1745209436,,,,,,,,,,,,2025-04-21 09:53:56.388
tf,NFO,79632,,,,,56.20,33.18,,1745209437,,,,,16828125,,,56.20,56.30,300,75,2025-04-21 09:53:57.379
tf,NFO,79632,,,,,56.70,34.36,,1745209438,,,,,,,,,,,,2025-04-21 09:53:58.368
tf,NFO,79632,,,,,56.80,34.60,,1745209439,,,,,16830750,,,56.80,56.90,75,,2025-04-21 09:53:59.036
tf,NFO,79632,,,,,56.75,34.48,,1745209439,,,,,,,,,,,,2025-04-21 09:53:59.453
tf,NFO,79632,,,,,56.85,34.72,,1745209440,,,,,,,,,,,,2025-04-21 09:54:00.395
tf,NFO,79632,,,,,,,,1745209440,,,,,16835850,,,56.85,57.05,2025,1275,2025-04-21 09:54:00.664
tf,NFO,79632,,,,,56.70,34.36,,1745209441,,,,,,,,,,,,2025-04-21 09:54:01.454
tf,NFO,79632,,,,,56.80,34.60,,1745209442,,,,,,,,,,,,2025-04-21 09:54:02.440
tf,NFO,79632,,,,,,,,1745209442,,,,,16839825,,,,56.95,525,600,2025-04-21 09:54:02.442
tf,NFO,79632,,,,,56.60,34.12,,1745209443,,,,,,,,,,,,2025-04-21 09:54:03.367
tf,NFO,79632,,,,,56.40,33.65,,1745209444,,,,,16842300,,,56.40,56.55,2025,1425,2025-04-21 09:54:04.015
tf,NFO,79632,,,,,56.30,33.41,,1745209444,,,,,,,,,,,,2025-04-21 09:54:04.367
tf,NFO,79632,,,,,56.50,33.89,,1745209445,,,,,,,,,,,,2025-04-21 09:54:05.367
tf,NFO,79632,,,,,,,,1745209445,,,,,16846200,,,56.25,56.40,825,1650,2025-04-21 09:54:05.712
tf,NFO,79632,,,,,56.20,33.18,,1745209446,,,,,,,,,,,,2025-04-21 09:54:06.377
tf,NFO,79632,,,,,56.35,33.53,,1745209447,,,,,,,,,,,,2025-04-21 09:54:07.370
tf,NFO,79632,,,,,,,,1745209447,,,,,16849050,,,56.65,56.80,225,2025,2025-04-21 09:54:07.393
tf,NFO,79632,,,,,56.55,34.00,,1745209448,,,,,,,,,,,,2025-04-21 09:54:08.370
tf,NFO,79632,,,,,56.60,34.12,,1745209449,,,,51.63,16852875,,,56.60,56.75,1200,450,2025-04-21 09:54:09.000
tf,NFO,79632,,,,,56.45,33.77,,1745209449,,,,,,,,,,,,2025-04-21 09:54:09.381
tf,NFO,79632,,,,,56.40,33.65,,1745209450,,,,,,,,,,,,2025-04-21 09:54:10.375
tf,NFO,79632,,,,,,,,1745209450,,,,,16855800,,,56.15,56.30,1425,675,2025-04-21 09:54:10.602
tf,NFO,79632,,,,,56.50,33.89,,1745209451,,,,,,,,,,,,2025-04-21 09:54:11.374
tf,NFO,79632,,,,,56.25,33.29,,1745209452,,,,,,,,,,,,2025-04-21 09:54:12.488
tf,NFO,79632,,,,,,,,1745209452,,,,,16857900,,,56.20,56.35,750,1725,2025-04-21 09:54:12.492
tf,NFO,79632,,,,,56.10,32.94,,1745209453,,,,,,,,,,,,2025-04-21 09:54:13.377
tf,NFO,79632,,,,,56.15,33.06,,1745209454,,,,,16866000,,,56.05,56.20,1575,675,2025-04-21 09:54:14.030
tf,NFO,79632,,,,,56.05,32.82,,1745209454,,,,,,,,,,,,2025-04-21 09:54:14.452
tf,NFO,79632,,,,,56.25,33.29,,1745209455,,,,,,,,,,,,2025-04-21 09:54:15.379
tf,NFO,79632,,,,,,,,1745209455,,,,,16870050,,,56.20,56.30,1125,375,2025-04-21 09:54:15.633
tf,NFO,79632,,,,,56.60,34.12,,1745209456,,,,,,,,,,,,2025-04-21 09:54:16.383
tf,NFO,79632,,,,,56.50,33.89,,1745209457,,,,,,,,,,,,2025-04-21 09:54:17.422
tf,NFO,79632,,,,,,,,1745209457,,,,,16871775,,,56.55,56.70,900,1200,2025-04-21 09:54:17.452
tf,NFO,79632,,,,,56.55,34.00,,1745209458,,,,,,,,,,,,2025-04-21 09:54:18.380
tf,NFO,79632,,,,,57.10,35.31,,1745209459,,,,,16876500,,,57.05,57.20,,375,2025-04-21 09:54:19.122
tf,NFO,79632,,,,,57.25,35.66,,1745209459,,,,,,,,,,,,2025-04-21 09:54:20.060
tf,NFO,79632,,,,,57.60,36.49,,1745209460,,,,,,,,,,,,2025-04-21 09:54:20.430
tf,NFO,79632,,,,,57.55,36.37,,1745209460,,,,,16881300,,,57.35,57.50,1275,675,2025-04-21 09:54:20.619
tf,NFO,79632,,,,,57.25,35.66,,1745209461,,,,,,,,,,,,2025-04-21 09:54:21.414
tf,NFO,79632,,,,,57.30,35.78,,1745209462,,,,,,,,,,,,2025-04-21 09:54:22.512
tf,NFO,79632,,,,,,,,1745209462,,,,51.64,16889175,,,57.15,57.30,150,1875,2025-04-21 09:54:22.516
tf,NFO,79632,,,,,57.25,35.66,,1745209463,,,,,,,,,,,,2025-04-21 09:54:23.403
tf,NFO,79632,,,,,57.20,35.55,,1745209464,,,,,16893825,,,57.05,57.20,1200,150,2025-04-21 09:54:24.037
tf,NFO,79632,,,,,56.95,34.95,,1745209464,,,,,,,,,,,,2025-04-21 09:54:24.434
tf,NFO,79632,,,,,57.15,35.43,,1745209465,,,,,,,,,,,,2025-04-21 09:54:25.603
tf,NFO,79632,,,,,56.90,34.83,,1745209465,,,,,16896450,,,56.80,56.95,1350,750,2025-04-21 09:54:25.676
tf,NFO,79632,,,,,56.95,34.95,,1745209466,,,,,,,,,,,,2025-04-21 09:54:26.620
tf,NFO,79632,,,,,,,,1745209467,,,,,16899750,,,56.75,56.90,525,1725,2025-04-21 09:54:27.423
tf,NFO,79632,,,,,56.80,34.60,,1745209468,,,,,,,,,,,,2025-04-21 09:54:28.397
tf,NFO,79632,,,,,56.95,34.95,,1745209469,,,,,16903275,,,56.85,57.00,675,2400,2025-04-21 09:54:29.028
tf,NFO,79632,,,,,56.80,34.60,,1745209469,,,,,,,,,,,,2025-04-21 09:54:29.397
tf,NFO,79632,,,,,56.70,34.36,,1745209470,,,,,,,,,,,,2025-04-21 09:54:30.492
tf,NFO,79632,,,,,56.65,34.24,,1745209471,,,,,16911225,,,56.65,56.80,1275,225,2025-04-21 09:54:30.712
tf,NFO,79632,,,,,56.70,34.36,,1745209471,,,,,,,,,,,,2025-04-21 09:54:31.387
tf,NFO,79632,,,,,,,,1745209472,,,,,16914300,,,56.55,56.75,1725,1050,2025-04-21 09:54:32.272
tf,NFO,79632,,,,,56.35,33.53,,1745209473,,,,,,,,,,,,2025-04-21 09:54:33.440
tf,NFO,79632,,,,,57.00,35.07,,1745209474,,,,,16917375,,,56.95,57.00,750,225,2025-04-21 09:54:34.051
tf,NFO,79632,,,,,56.90,34.83,,1745209474,,,,,,,,,,,,2025-04-21 09:54:34.415
tf,NFO,79632,,,,,56.70,34.36,,1745209475,,,,,,,,,,,,2025-04-21 09:54:35.463
tf,NFO,79632,,,,,56.55,34.00,,1745209476,,,,51.65,16920225,,,56.55,56.70,1425,525,2025-04-21 09:54:35.738
tf,NFO,79632,,,,,57.00,35.07,,1745209476,,,,,,,,,,,,2025-04-21 09:54:36.402
tf,NFO,79632,,,,,57.10,35.31,,1745209477,,,,,16922025,,,57.05,57.20,750,1875,2025-04-21 09:54:37.241
tf,NFO,79632,,,,,56.80,34.60,,1745209478,,,,,,,,,,,,2025-04-21 09:54:38.392
tf,NFO,79632,,,,,56.75,34.48,,1745209479,,,,,16923600,,,56.70,56.90,1800,1950,2025-04-21 09:54:38.977
tf,NFO,79632,,,,,57.05,35.19,,1745209479,,,,,,3297975,,,,,,2025-04-21 09:54:39.526
tf,NFO,79632,,,,,57.15,35.43,,1745209480,,,,,,,,,,,,2025-04-21 09:54:40.392
tf,NFO,79632,,,,,56.95,34.95,,1745209481,,,,,16927575,,,57.00,57.15,2850,600,2025-04-21 09:54:40.648
tf,NFO,79632,,,,,57.10,35.31,,1745209481,,,,,,,,,,,,2025-04-21 09:54:41.391
tf,NFO,79632,,,,,56.90,34.83,,1745209482,,,,,16930125,,,56.90,57.05,1050,675,2025-04-21 09:54:42.247
tf,NFO,79632,,,,,56.60,34.12,,1745209483,,,,,,,,,,,,2025-04-21 09:54:43.393
tf,NFO,79632,,,,,56.70,34.36,,1745209484,,,,,16932450,,,56.55,56.75,2250,1650,2025-04-21 09:54:43.854
tf,NFO,79632,,,,,56.65,34.24,,1745209484,,,,,,,,,,,,2025-04-21 09:54:44.396
tf,NFO,79632,,,,,57.00,35.07,,1745209485,,,,,,,,,,,,2025-04-21 09:54:45.535
tf,NFO,79632,,,,,57.10,35.31,,1745209486,,,,,16934250,,,57.00,57.20,2475,2400,2025-04-21 09:54:45.701
tf,NFO,79632,,,,,57.15,35.43,,1745209486,,,,,,,,,,,,2025-04-21 09:54:46.515
tf,NFO,79632,,,,,56.95,34.95,,1745209487,,,,,16937625,,,57.15,57.30,300,2100,2025-04-21 09:54:47.300
tf,NFO,79632,,,,,57.15,35.43,,1745209487,,,,,,,,,,,,2025-04-21 09:54:47.524
tf,NFO,79632,,,,,57.20,35.55,,1745209488,,,,,,,,,,,,2025-04-21 09:54:48.402
tf,NFO,79632,,,,,57.00,35.07,,1745209489,,,,,16943775,,,57.00,57.15,75,2175,2025-04-21 09:54:48.859
tf,NFO,79632,,,,,57.25,35.66,,1745209489,,,,,,,,,,,,2025-04-21 09:54:49.398
tf,NFO,79632,,,,,57.00,35.07,,1745209490,,,,,,,,,,,,2025-04-21 09:54:50.403
tf,NFO,79632,,,,,57.20,35.55,,1745209491,,,,,16945800,,,57.20,57.30,1650,300,2025-04-21 09:54:50.673
tf,NFO,79632,,,,,56.90,34.83,,1745209491,,,,,,,,,,,,2025-04-21 09:54:51.419
tf,NFO,79632,,,,,57.20,35.55,,1745209492,,,,,16948575,,,57.25,57.40,1275,600,2025-04-21 09:54:52.373
tf,NFO,79632,,,,,57.40,36.02,,1745209492,,,,,,,,,,,,2025-04-21 09:54:52.456
tf,NFO,79632,,,,,57.90,37.20,,1745209493,,,,,,,,,,,,2025-04-21 09:54:53.474
tf,NFO,79632,,,,,57.70,36.73,,1745209494,,,,51.66,16962375,,,57.55,57.70,900,750,2025-04-21 09:54:53.875
tf,NFO,79632,,,,,57.75,36.85,,1745209494,,,,,,,,,,,,2025-04-21 09:54:54.401
tf,NFO,79632,,,,,57.55,36.37,,1745209495,,,,,,,,,,,,2025-04-21 09:54:55.406
tf,NFO,79632,,,,,57.75,36.85,,1745209496,,,,,16967100,,,57.65,57.75,750,75,2025-04-21 09:54:55.666
tf,NFO,79632,,,,,57.70,36.73,,1745209496,,,,,,,,,,,,2025-04-21 09:54:56.402
tf,NFO,79632,,,,,57.40,36.02,,1745209497,,,,,16970550,,,57.20,57.35,1575,,2025-04-21 09:54:57.314
tf,NFO,79632,,,,,57.20,35.55,,1745209497,,,,,,,,,,,,2025-04-21 09:54:57.458
tf,NFO,79632,,,,,57.85,37.09,,1745209498,,,,,,,,,,,,2025-04-21 09:54:58.593
tf,NFO,79632,,,,,57.75,36.85,,1745209499,,,,,16976025,,,57.60,57.75,1725,1425,2025-04-21 09:54:58.939
tf,NFO,79632,,,,,57.70,36.73,,1745209499,,,,,,,,,,,,2025-04-21 09:54:59.445
tf,NFO,79632,,,,,57.80,36.97,,1745209501,,,,51.67,16995450,,,57.70,57.85,900,600,2025-04-21 09:55:00.675
tf,NFO,79632,,,,,57.60,36.49,,1745209501,,,,,,,,,,,,2025-04-21 09:55:01.407
tf,NFO,79632,,,,,57.15,35.43,,1745209502,,,,,17004375,,,57.20,57.35,225,1650,2025-04-21 09:55:02.285
tf,NFO,79632,,,,,57.25,35.66,,1745209502,,,,,,,,,,,,2025-04-21 09:55:02.406
tf,NFO,79632,,,,,57.40,36.02,,1745209503,,,,,,,,,,,,2025-04-21 09:55:03.406
tf,NFO,79632,,,,,57.25,35.66,,1745209504,,,,51.68,17007375,,,57.30,57.45,1725,1275,2025-04-21 09:55:03.880
tf,NFO,79632,,,,,57.60,36.49,,1745209504,,,,,,,,,,,,2025-04-21 09:55:04.411
tf,NFO,79632,,,,,57.45,36.14,,1745209505,,,,,,,,,,,,2025-04-21 09:55:05.432
tf,NFO,79632,,,,,57.65,36.61,,1745209506,,,,,17009550,,,57.60,57.75,1800,300,2025-04-21 09:55:05.765
tf,NFO,79632,,,,,57.45,36.14,,1745209506,,,,,,,,,,,,2025-04-21 09:55:06.412
tf,NFO,79632,,,,,57.75,36.85,,1745209507,,,,,17016525,,,,,1725,375,2025-04-21 09:55:07.372
tf,NFO,79632,,,,,57.65,36.61,,1745209507,,,,,,,,,,,,2025-04-21 09:55:07.409
tf,NFO,79632,,,,,57.95,37.32,,1745209508,,,,,,,,,,,,2025-04-21 09:55:08.502
tf,NFO,79632,,,,,57.90,37.20,,1745209509,,,,,17020125,,,57.90,58.00,2025,150,2025-04-21 09:55:08.916
tf,NFO,79632,,,,,57.55,36.37,,1745209509,,,,,,,,,,,,2025-04-21 09:55:09.411
tf,NFO,79632,,,,,58.05,37.56,,1745209510,,,,,,,,,,,,2025-04-21 09:55:10.414
tf,NFO,79632,,,,,58.00,37.44,,1745209511,,,,,17028600,,,57.80,57.95,825,600,2025-04-21 09:55:10.687
tf,NFO,79632,,,,,58.15,37.80,,1745209511,,,,,,,,,,,,2025-04-21 09:55:11.416
tf,NFO,79632,,,,,57.75,36.85,,1745209512,,,,51.69,17040150,,,,,1800,150,2025-04-21 09:55:12.520
tf,NFO,79632,,,,,57.65,36.61,,1745209512,,,,,,,,,,,,2025-04-21 09:55:12.533
tf,NFO,79632,,,,,57.95,37.32,,1745209513,,,,,,,,,,,,2025-04-21 09:55:13.413
tf,NFO,79632,,,,,58.20,37.91,,1745209514,,,,,17048925,,,58.15,58.30,450,525,2025-04-21 09:55:13.898
tf,NFO,79632,,,,,58.25,38.03,,1745209514,,,,,,,,,,,,2025-04-21 09:55:14.418
tf,NFO,79632,,,,,59.05,39.93,,1745209515,,,,,,,,,,,,2025-04-21 09:55:15.614
tf,NFO,79632,,,,,58.90,39.57,,1745209516,,,,51.70,17068725,,,58.90,59.00,75,1875,2025-04-21 09:55:15.695
tf,NFO,79632,,,,,58.80,39.34,,1745209516,,,,,,,,,,,,2025-04-21 09:55:16.429
tf,NFO,79632,,,,,60.95,44.43,,1745209517,,,,51.75,17161200,,,60.95,61.00,,975,2025-04-21 09:55:17.302
tf,NFO,79632,,,,,61.20,45.02,,1745209518,,,,,,,,,,,,2025-04-21 09:55:18.441
tf,NFO,79632,,,,,61.15,44.91,,1745209519,,,,51.79,17251575,,,61.10,61.30,600,300,2025-04-21 09:55:19.030
tf,NFO,79632,,,,,60.40,43.13,,1745209519,,,,,,,,,,,,2025-04-21 09:55:19.873
tf,NFO,79632,,,,,60.50,43.36,,1745209520,,,,,,,,,,,,2025-04-21 09:55:20.415
tf,NFO,79632,,,,,61.05,44.67,,1745209521,,,,51.85,17366400,,,61.00,61.10,1650,14700,2025-04-21 09:55:20.703
tf,NFO,79632,,,,,61.45,45.62,,1745209521,,,,,,,,,,,,2025-04-21 09:55:21.434
tf,NFO,79632,,,,,61.90,46.68,,1745209522,,,,51.91,17473275,,,61.75,61.85,375,225,2025-04-21 09:55:22.312
tf,NFO,79632,,,,,61.60,45.97,,1745209522,,,,,,,,,,,,2025-04-21 09:55:22.420
tf,NFO,79632,,,,,62.70,48.58,,1745209523,,,,,,,,,,,,2025-04-21 09:55:23.424
tf,NFO,79632,,,,,62.45,47.99,,1745209524,,,,51.93,17510700,,,62.35,62.50,225,525,2025-04-21 09:55:23.915
tf,NFO,79632,,,,,62.60,48.34,,1745209524,,,,,,,,,,,,2025-04-21 09:55:24.424
tf,NFO,79632,,,,,62.25,47.51,,1745209525,,,,,,,,,,,,2025-04-21 09:55:25.903
tf,NFO,79632,,,,,62.15,47.27,,1745209526,,,,51.96,17546475,,,62.10,62.25,300,1275,2025-04-21 09:55:25.912
tf,NFO,79632,,,,,62.80,48.82,,1745209526,,,,,,,,,,,,2025-04-21 09:55:26.461
tf,NFO,79632,,,,,63.35,50.12,,1745209527,,63.90,,51.97,17574825,,,63.25,63.40,675,375,2025-04-21 09:55:27.321
tf,NFO,79632,,,,,63.10,49.53,,1745209527,,,,,,,,,,,,2025-04-21 09:55:27.423
tf,NFO,79632,,,,,63.30,50.00,,1745209528,,,,,,,,,,,,2025-04-21 09:55:28.436
tf,NFO,79632,,,,,62.80,48.82,,1745209529,,,,51.99,17593875,,,62.80,62.90,525,75,2025-04-21 09:55:28.919
tf,NFO,79632,,,,,62.40,47.87,,1745209530,,,,,,,,,,,,2025-04-21 09:55:30.450
tf,NFO,79632,,,,,62.90,49.05,,1745209531,,,,52.02,17656500,,,62.90,63.05,600,900,2025-04-21 09:55:30.719
tf,NFO,79632,,,,,63.30,50.00,,1745209531,,,,,,,,,,,,2025-04-21 09:55:31.453
tf,NFO,79632,,,,,63.20,49.76,,1745209532,,,,52.04,17684925,,,63.00,63.20,1875,1575,2025-04-21 09:55:32.437
tf,NFO,79632,,,,,62.90,49.05,,1745209532,,,,,,,,,,,,2025-04-21 09:55:32.859
tf,NFO,79632,,,,,63.25,49.88,,1745209533,,,,,,,,,,,,2025-04-21 09:55:33.427
tf,NFO,79632,,,,,63.00,49.29,,1745209534,,,,52.05,17703825,,,63.05,,375,1425,2025-04-21 09:55:33.927
tf,NFO,79632,,,,,62.25,47.51,,1745209535,,,,,,,,,,,,2025-04-21 09:55:35.458
tf,NFO,79632,,,,,61.85,46.56,,1745209536,,,,52.08,17740950,,,61.70,61.90,1050,1350,2025-04-21 09:55:35.726
tf,NFO,79632,,,,,61.90,46.68,,1745209536,,,,,,,,,,,,2025-04-21 09:55:36.637
tf,NFO,79632,,,,,62.30,47.63,,1745209537,,,,52.09,17761425,,,62.25,62.40,450,825,2025-04-21 09:55:37.133
tf,NFO,79632,,,,,62.40,47.87,,1745209537,,,,,,,,,,,,2025-04-21 09:55:37.425
tf,NFO,79632,,,,,62.60,48.34,,1745209538,,,,,,,,,,,,2025-04-21 09:55:38.471
tf,NFO,79632,,,,,62.65,48.46,,1745209539,,,,,17774025,,,62.65,62.80,75,1425,2025-04-21 09:55:38.955
tf,NFO,79632,,,,,62.60,48.34,,1745209539,,,,,,,,,,,,2025-04-21 09:55:39.542
tf,NFO,79632,,,,,62.70,48.58,,1745209540,,,,,,,,,,,,2025-04-21 09:55:40.559
tf,NFO,79632,,,,,62.85,48.93,,1745209540,,,,52.10,17787900,,,62.75,62.90,675,375,2025-04-21 09:55:40.577
tf,NFO,79632,,,,,63.00,49.29,,1745209541,,,,,,,,,,,,2025-04-21 09:55:41.431
tf,NFO,79632,,,,,,,,1745209542,,,,52.11,17803275,,,63.05,63.20,375,1950,2025-04-21 09:55:42.137
tf,NFO,79632,,,,,63.05,49.41,,1745209542,,,,,,,,,,,,2025-04-21 09:55:42.431
tf,NFO,79632,,,,,63.30,50.00,,1745209543,,,,,,,,,,,,2025-04-21 09:55:43.433
tf,NFO,79632,,,,,63.65,50.83,,1745209544,,,,52.12,17821425,,,63.65,63.85,1350,525,2025-04-21 09:55:43.742
tf,NFO,79632,,,,,63.80,51.18,,1745209544,,,,,,,,,,,,2025-04-21 09:55:44.434
tf,NFO,79632,,,,,62.80,48.82,,1745209545,,,,,,,,,,,,2025-04-21 09:55:45.513
tf,NFO,79632,,,,,62.55,48.22,,1745209545,,64.00,,52.14,17843400,,,62.45,62.60,300,675,2025-04-21 09:55:45.583
tf,NFO,79632,,,,,62.80,48.82,,1745209546,,,,,,,,,,,,2025-04-21 09:55:46.492
tf,NFO,79632,,,,,,,,1745209547,,,,,17855250,,,62.75,62.90,375,1800,2025-04-21 09:55:47.151
tf,NFO,79632,,,,,62.65,48.46,,1745209547,,,,,,,,,,,,2025-04-21 09:55:47.435
tf,NFO,79632,,,,,62.75,48.70,,1745209548,,,,,,,,,,,,2025-04-21 09:55:48.443
tf,NFO,79632,,,,,62.90,49.05,,1745209549,,,,52.15,17866575,,,62.90,63.05,975,225,2025-04-21 09:55:48.752
tf,NFO,79632,,,,,62.70,48.58,,1745209549,,,,,,,,,,,,2025-04-21 09:55:49.435
tf,NFO,79632,,,,,62.95,49.17,,1745209550,,,,52.16,17873100,,,62.80,62.95,825,75,2025-04-21 09:55:50.559
tf,NFO,79632,,,,,62.60,48.34,,1745209551,,,,,,,,,,,,2025-04-21 09:55:51.442
tf,NFO,79632,,,,,62.75,48.70,,1745209552,,,,,17888025,,,62.65,62.80,75,1650,2025-04-21 09:55:52.275
tf,NFO,79632,,,,,62.55,48.22,,1745209552,,,,,,,,,,,,2025-04-21 09:55:52.469
tf,NFO,79632,,,,,61.40,45.50,,1745209553,,,,,,,,,,,,2025-04-21 09:55:53.440
tf,NFO,79632,,,,,61.05,44.67,,1745209554,,,,52.18,17912475,,,61.05,61.20,450,900,2025-04-21 09:55:53.758
tf,NFO,79632,,,,,61.10,44.79,,1745209554,,,,,,,,,,,,2025-04-21 09:55:54.448
tf,NFO,79632,,,,,61.90,46.68,,1745209555,,,,,,,,,,,,2025-04-21 09:55:55.472
tf,NFO,79632,,,,,61.50,45.73,,1745209555,,,,52.19,17931075,,,61.50,61.60,375,75,2025-04-21 09:55:55.557
tf,NFO,79632,,,,,61.05,44.67,,1745209556,,,,,,,,,,,,2025-04-21 09:55:56.441
tf,NFO,79632,,,,,61.10,44.79,,1745209557,,,,,17939100,,,60.95,61.15,825,675,2025-04-21 09:55:57.162
tf,NFO,79632,,,,,60.20,42.65,,1745209558,,,,,,,,,,,,2025-04-21 09:55:58.540
tf,NFO,79632,,,,,60.00,42.18,,1745209559,,,,52.22,17996025,,,59.95,60.10,525,975,2025-04-21 09:55:58.781
tf,NFO,79632,,,,,59.10,40.05,,1745209560,,,,,,,,,,,,2025-04-21 09:55:59.642
tf,NFO,79632,,,,,58.35,38.27,,1745209560,,,,,,,,,,,,2025-04-21 09:56:00.471
tf,NFO,79632,,,,,58.50,38.63,,1745209560,,,,52.23,18026550,,,58.25,58.40,825,225,2025-04-21 09:56:00.565
tf,NFO,79632,,,,,59.35,40.64,,1745209561,,,,,,,,,,,,2025-04-21 09:56:01.451
tf,NFO,79632,,,,,59.15,40.17,,1745209562,,,,52.24,18046875,,,59.15,59.30,750,1725,2025-04-21 09:56:02.188
tf,NFO,79632,,,,,59.25,40.40,,1745209562,,,,,,,,,,,,2025-04-21 09:56:02.444
tf,NFO,79632,,,,,59.20,40.28,,1745209563,,,,,,,,,,,,2025-04-21 09:56:03.460
tf,NFO,79632,,,,,58.90,39.57,,1745209564,,,,,18056850,,,58.90,59.00,75,825,2025-04-21 09:56:03.773
tf,NFO,79632,,,,,58.80,39.34,,1745209565,,,,,,,,,,,,2025-04-21 09:56:04.646
tf,NFO,79632,,,,,59.05,39.93,,1745209565,,,,,,,,,,,,2025-04-21 09:56:05.458
tf,NFO,79632,,,,,59.10,40.05,,1745209565,,,,,18061050,,,59.00,59.10,,,2025-04-21 09:56:05.572
tf,NFO,79632,,,,,59.05,39.93,,1745209566,,,,,,,,,,,,2025-04-21 09:56:06.458
tf,NFO,79632,,,,,59.55,41.11,,1745209567,,,,,18067425,,,59.40,59.55,150,1275,2025-04-21 09:56:07.176
tf,NFO,79632,,,,,59.35,40.64,,1745209567,,,,,,,,,,,,2025-04-21 09:56:07.446
tf,NFO,79632,,,,,60.00,42.18,,1745209568,,,,,,,,,,,,2025-04-21 09:56:08.476
tf,NFO,79632,,,,,60.15,42.54,,1745209569,,,,52.25,18072675,,,59.95,60.10,525,2700,2025-04-21 09:56:08.784
tf,NFO,79632,,,,,61.00,44.55,,1745209569,,,,,,,,,,,,2025-04-21 09:56:09.451
tf,NFO,79632,,,,,60.95,44.43,,1745209570,,,,,,,,,,,,2025-04-21 09:56:10.449
tf,NFO,79632,,,,,60.90,44.31,,1745209570,,,,52.26,18093975,,,60.75,60.90,375,1575,2025-04-21 09:56:10.580
tf,NFO,79632,,,,,60.50,43.36,,1745209571,,,,,,,,,,,,2025-04-21 09:56:11.451
tf,NFO,79632,,,,,60.95,44.43,,1745209572,,,,,18102525,,,60.85,61.00,525,1125,2025-04-21 09:56:12.295
tf,NFO,79632,,,,,60.85,44.19,,1745209572,,,,,,,,,,,,2025-04-21 09:56:12.525
tf,NFO,79632,,,,,60.70,43.84,,1745209574,,,,,18111075,,,60.60,60.75,1275,75,2025-04-21 09:56:13.792
tf,NFO,79632,,,,,60.95,44.43,,1745209574,,,,,,,,,,,,2025-04-21 09:56:14.549
tf,NFO,79632,,,,,61.20,45.02,,1745209575,,,,52.27,18116475,,,60.95,61.10,375,975,2025-04-21 09:56:15.588
tf,NFO,79632,,,,,60.70,43.84,,1745209576,,,,,,,,,,,,2025-04-21 09:56:16.455
tf,NFO,79632,,,,,60.75,43.96,,1745209577,,,,,18121575,,,60.55,60.70,675,825,2025-04-21 09:56:17.193
tf,NFO,79632,,,,,60.70,43.84,,1745209577,,,,,,,,,,,,2025-04-21 09:56:17.453
tf,NFO,79632,,,,,60.95,44.43,,1745209578,,,,,,,,,,,,2025-04-21 09:56:18.507
tf,NFO,79632,,,,,60.70,43.84,,1745209579,,,,,18129150,,,,,375,1050,2025-04-21 09:56:18.890
tf,NFO,79632,,,,,60.60,43.60,,1745209579,,,,,,,,,,,,2025-04-21 09:56:19.496
tf,NFO,79632,,,,,60.55,43.48,,1745209580,,,,,,,,,,,,2025-04-21 09:56:20.456
tf,NFO,79632,,,,,,,,1745209580,,,,,18133575,,,60.45,60.60,150,1125,2025-04-21 09:56:20.597
tf,NFO,79632,,,,,59.95,42.06,,1745209581,,,,,,,,,,,,2025-04-21 09:56:21.455
tf,NFO,79632,,,,,59.70,41.47,,1745209582,,,,52.28,18141975,,,59.70,59.85,1350,300,2025-04-21 09:56:22.203
tf,NFO,79632,,,,,59.85,41.82,,1745209582,,,,,,,,,,,,2025-04-21 09:56:22.457
tf,NFO,79632,,,,,59.70,41.47,,1745209583,,,,,,,,,,,,2025-04-21 09:56:23.467
tf,NFO,79632,,,,,59.30,40.52,,1745209584,,,,,18149175,,,59.20,59.35,450,450,2025-04-21 09:56:23.803
tf,NFO,79632,,,,,59.55,41.11,,1745209584,,,,,,,,,,,,2025-04-21 09:56:24.466
tf,NFO,79632,,,,,59.20,40.28,,1745209585,,,,,,,,,,,,2025-04-21 09:56:25.465
tf,NFO,79632,,,,,,,,1745209585,,,,,18155325,,,59.00,59.15,5400,1875,2025-04-21 09:56:25.638
tf,NFO,79632,,,,,59.15,40.17,,1745209586,,,,,,,,,,,,2025-04-21 09:56:26.464
tf,NFO,79632,,,,,58.75,39.22,,1745209587,,,,52.29,18170700,,,58.60,58.75,600,375,2025-04-21 09:56:27.220
tf,NFO,79632,,,,,58.25,38.03,,1745209587,,,,,,,,,,,,2025-04-21 09:56:27.463
tf,NFO,79632,,,,,58.10,37.68,,1745209589,,,,,,,,,,,,2025-04-21 09:56:28.680
tf,NFO,79632,,,,,58.15,37.80,,1745209589,,,,52.30,18193725,,,58.05,58.20,975,150,2025-04-21 09:56:28.827
tf,NFO,79632,,,,,58.80,39.34,,1745209589,,,,,,,,,,,,2025-04-21 09:56:29.460
tf,NFO,79632,,,,,58.50,38.63,,1745209590,,,,,,,,,,,,2025-04-21 09:56:30.460
tf,NFO,79632,,,,,58.70,39.10,,1745209590,,,,,18208725,,,58.60,58.80,2175,1050,2025-04-21 09:56:30.613
tf,NFO,79632,,,,,59.00,39.81,,1745209591,,,,,,,,,,,,2025-04-21 09:56:31.537
tf,NFO,79632,,,,,59.65,41.35,,1745209592,,,,,18214500,,,59.50,59.65,1125,300,2025-04-21 09:56:32.219
tf,NFO,79632,,,,,59.60,41.23,,1745209592,,,,,,,,,,,,2025-04-21 09:56:32.567
tf,NFO,79632,,,,,59.50,41.00,,1745209593,,,,,,,,,,,,2025-04-21 09:56:33.489
tf,NFO,79632,,,,,59.70,41.47,,1745209594,,,,52.31,18221175,,,59.65,59.80,675,675,2025-04-21 09:56:33.829
tf,NFO,79632,,,,,59.85,41.82,,1745209594,,,,,,,,,,,,2025-04-21 09:56:34.465
tf,NFO,79632,,,,,59.60,41.23,,1745209595,,,,,,,,,,,,2025-04-21 09:56:35.465
tf,NFO,79632,,,,,59.25,40.40,,1745209595,,,,,18228375,,,59.25,59.45,1575,1050,2025-04-21 09:56:35.621
tf,NFO,79632,,,,,60.15,42.54,,1745209596,,,,,,,,,,,,2025-04-21 09:56:36.473
tf,NFO,79632,,,,,60.00,42.18,,1745209597,,,,,18237075,,,59.95,60.10,75,2325,2025-04-21 09:56:37.026
tf,NFO,79632,,,,,59.95,42.06,,1745209597,,,,,,,,,,,,2025-04-21 09:56:37.466
tf,NFO,79632,,,,,60.15,42.54,,1745209598,,,,,,,,,,,,2025-04-21 09:56:38.560
tf,NFO,79632,,,,,59.90,41.94,,1745209599,,,,52.32,18248475,,,59.75,59.90,300,750,2025-04-21 09:56:38.931
tf,NFO,79632,,,,,59.65,41.35,,1745209599,,,,,,,,,,,,2025-04-21 09:56:39.467
tf,NFO,79632,,,,,60.00,42.18,,1745209600,,,,,18255750,,,59.90,60.00,75,1800,2025-04-21 09:56:40.436
tf,NFO,79632,,,,,59.75,41.59,,1745209601,,,,,,,,,,,,2025-04-21 09:56:41.468
tf,NFO,79632,,,,,60.00,42.18,,1745209602,,,,,18260700,,,59.85,,1275,825,2025-04-21 09:56:42.037
tf,NFO,79632,,,,,59.70,41.47,,1745209602,,,,,,,,,,,,2025-04-21 09:56:42.469
tf,NFO,79632,,,,,59.65,41.35,,1745209603,,,,,,,,,,,,2025-04-21 09:56:43.469
tf,NFO,79632,,,,,59.60,41.23,,1745209604,,,,,18266175,,,59.60,59.80,2025,1650,2025-04-21 09:56:43.841
tf,NFO,79632,,,,,59.70,41.47,,1745209604,,,,,,,,,,,,2025-04-21 09:56:44.469
tf,NFO,79632,,,,,59.95,42.06,,1745209605,,,,52.33,18277200,,,60.00,60.15,450,2175,2025-04-21 09:56:45.499
tf,NFO,79632,,,,,59.85,41.82,,1745209606,,,,,,,,,,,,2025-04-21 09:56:46.506
tf,NFO,79632,,,,,,,,1745209607,,,,,18281100,,,59.85,60.00,1650,225,2025-04-21 09:56:47.109
tf,NFO,79632,,,,,60.05,42.30,,1745209607,,,,,,,,,,,,2025-04-21 09:56:47.549
tf,NFO,79632,,,,,59.90,41.94,,1745209608,,,,,,,,,,,,2025-04-21 09:56:48.471
tf,NFO,79632,,,,,59.45,40.88,,1745209609,,,,,18287325,,,59.45,59.60,675,1575,2025-04-21 09:56:48.858
tf,NFO,79632,,,,,59.00,39.81,,1745209609,,,,,,,,,,,,2025-04-21 09:56:49.479
tf,NFO,79632,,,,,59.40,40.76,,1745209610,,,,52.34,18296625,,,59.35,59.50,750,750,2025-04-21 09:56:50.447
tf,NFO,79632,,,,,59.25,40.40,,1745209611,,,,,,,,,,,,2025-04-21 09:56:52.271
tf,NFO,79632,,,,,59.65,41.35,,1745209612,,,,,18299025,,,59.50,59.70,1800,2175,2025-04-21 09:56:52.298
tf,NFO,79632,,,,,59.30,40.52,,1745209612,,,,,,,,,,,,2025-04-21 09:56:52.476
tf,NFO,79632,,,,,59.45,40.88,,1745209613,,,,,,,,,,,,2025-04-21 09:56:53.483
tf,NFO,79632,,,,,59.65,41.35,,1745209614,,,,,18300975,,,59.55,,1275,600,2025-04-21 09:56:53.860
tf,NFO,79632,,,,,59.55,41.11,,1745209614,,,,,,,,,,,,2025-04-21 09:56:54.477
tf,NFO,79632,,,,,59.95,42.06,,1745209615,,,,,18305325,,,59.80,59.95,450,1275,2025-04-21 09:56:55.455
tf,NFO,79632,,,,,60.10,42.42,,1745209617,,,,,18311850,,,59.90,60.10,1650,1875,2025-04-21 09:56:57.087
tf,NFO,79632,,,,,60.25,42.77,,1745209617,,,,,,,,,,,,2025-04-21 09:56:57.484
tf,NFO,79632,,,,,60.00,42.18,,1745209618,,,,,,,,,,,,2025-04-21 09:56:58.633
tf,NFO,79632,,,,,,,,1745209619,,,,,18314850,,,,60.05,1500,750,2025-04-21 09:56:58.862
tf,NFO,79632,,,,,59.95,42.06,,1745209619,,,,,,,,,,,,2025-04-21 09:56:59.492
tf,NFO,79632,,,,,60.25,42.77,,1745209620,,,,52.35,18318450,,,60.25,60.40,75,1575,2025-04-21 09:57:00.466
tf,NFO,79632,,,,,60.35,43.01,,1745209621,,,,,,,,,,,,2025-04-21 09:57:01.490
tf,NFO,79632,,,,,60.70,43.84,,1745209622,,,,,18323025,,,60.60,60.80,1575,1275,2025-04-21 09:57:02.092
tf,NFO,79632,,,,,60.40,43.13,,1745209622,,,,,,,,,,,,2025-04-21 09:57:02.487
tf,NFO,79632,,,,,60.60,43.60,,1745209623,,,,,,,,,,,,2025-04-21 09:57:03.484
tf,NFO,79632,,,,,60.40,43.13,,1745209624,,,,,18335400,,,60.35,60.45,75,825,2025-04-21 09:57:03.870
tf,NFO,79632,,,,,60.10,42.42,,1745209624,,,,,,,,,,,,2025-04-21 09:57:04.579
tf,NFO,79632,,,,,60.30,42.89,,1745209625,,,,52.36,18347700,,,,60.50,300,1950,2025-04-21 09:57:05.544
tf,NFO,79632,,,,,60.25,42.77,,1745209626,,,,,,,,,,,,2025-04-21 09:57:06.491
tf,NFO,79632,,,,,60.10,42.42,,1745209627,,,,,18352500,,,60.10,60.20,150,300,2025-04-21 09:57:07.095
tf,NFO,79632,,,,,60.20,42.65,,1745209627,,,,,,,,,,,,2025-04-21 09:57:07.488
tf,NFO,79632,,,,,59.75,41.59,,1745209628,,,,,,,,,,,,2025-04-21 09:57:08.490
tf,NFO,79632,,,,,59.90,41.94,,1745209629,,,,,18360300,,,59.85,59.95,,825,2025-04-21 09:57:08.887
tf,NFO,79632,,,,,60.00,42.18,,1745209629,,,,,,,,,,,,2025-04-21 09:57:09.488
tf,NFO,79632,,,,,60.40,43.13,,1745209630,,,,52.37,18363825,,,60.35,60.45,75,675,2025-04-21 09:57:10.507
tf,NFO,79632,,,,,60.50,43.36,,1745209631,,,,,,,,,,,,2025-04-21 09:57:11.498
tf,NFO,79632,,,,,60.40,43.13,,1745209632,,,,,18368475,,,60.45,60.55,,450,2025-04-21 09:57:12.140
tf,NFO,79632,,,,,60.60,43.60,,1745209632,,,,,,,,,,,,2025-04-21 09:57:12.548
tf,NFO,79632,,,,,60.20,42.65,,1745209633,,,,,,,,,,,,2025-04-21 09:57:13.493
tf,NFO,79632,,,,,60.30,42.89,,1745209634,,,,,18376200,,,60.25,60.40,1500,300,2025-04-21 09:57:13.882
tf,NFO,79632,,,,,60.75,43.96,,1745209634,,,,,,,,,,,,2025-04-21 09:57:14.492
tf,NFO,79632,,,,,60.90,44.31,,1745209635,,,,52.38,18387000,,,60.65,60.80,450,600,2025-04-21 09:57:15.493
tf,NFO,79632,,,,,60.30,42.89,,1745209636,,,,,,,,,,,,2025-04-21 09:57:16.493
tf,NFO,79632,,,,,60.85,44.19,,1745209637,,,,,18397125,,,60.70,60.85,975,,2025-04-21 09:57:17.105
tf,NFO,79632,,,,,60.45,43.25,,1745209637,,,,,,,,,,,,2025-04-21 09:57:17.495
tf,NFO,79632,,,,,60.30,42.89,,1745209638,,,,,,,,,,,,2025-04-21 09:57:18.492
tf,NFO,79632,,,,,60.25,42.77,,1745209639,,,,,18401550,,,60.25,60.40,825,1650,2025-04-21 09:57:18.893
tf,NFO,79632,,,,,60.40,43.13,,1745209640,,,,,,,,,,,,2025-04-21 09:57:20.529
tf,NFO,79632,,,,,,,,1745209640,,,,,18405450,,,60.40,60.55,1575,225,2025-04-21 09:57:20.533
tf,NFO,79632,,,,,60.75,43.96,,1745209641,,,,,,,,,,,,2025-04-21 09:57:21.551
tf,NFO,79632,,,,,60.50,43.36,,1745209642,,,,52.39,18407925,,,60.35,,1275,1650,2025-04-21 09:57:22.108
tf,NFO,79632,,,,,60.65,43.72,,1745209642,,,,,,,,,,,,2025-04-21 09:57:22.493
tf,NFO,79632,,,,,60.50,43.36,,1745209643,,,,,,,,,,,,2025-04-21 09:57:23.498
tf,NFO,79632,,,,,,,,1745209644,,,,,18411450,,,60.50,60.65,2700,225,2025-04-21 09:57:23.719
tf,NFO,79632,,,,,60.80,44.08,,1745209644,,,,,,,,,,,,2025-04-21 09:57:24.587
tf,NFO,79632,,,,,60.05,42.30,,1745209645,,,,,,,,,,,,2025-04-21 09:57:25.617
tf,NFO,79632,,,,,,,,1745209645,,,,,18416625,,,60.00,60.15,3075,1575,2025-04-21 09:57:25.648
tf,NFO,79632,,,,,60.70,43.84,,1745209646,,,,,,,,,,,,2025-04-21 09:57:26.501
tf,NFO,79632,,,,,60.95,44.43,,1745209647,,,,,18425550,,,60.80,60.95,225,1125,2025-04-21 09:57:27.106
tf,NFO,79632,,,,,60.70,43.84,,1745209647,,,,,,,,,,,,2025-04-21 09:57:27.500
tf,NFO,79632,,,,,60.75,43.96,,1745209648,,,,,,,,,,,,2025-04-21 09:57:28.502
tf,NFO,79632,,,,,60.65,43.72,,1745209649,,,,52.40,18432975,,,60.55,60.70,1050,75,2025-04-21 09:57:28.719
tf,NFO,79632,,,,,60.60,43.60,,1745209649,,,,,,,,,,,,2025-04-21 09:57:29.505
tf,NFO,79632,,,,,60.80,44.08,,1745209650,,,,,,,,,,,,2025-04-21 09:57:30.508
tf,NFO,79632,,,,,60.85,44.19,,1745209650,,,,,18436275,,,60.75,60.90,300,2550,2025-04-21 09:57:30.542
tf,NFO,79632,,,,,60.40,43.13,,1745209651,,,,,,,,,,,,2025-04-21 09:57:31.561
tf,NFO,79632,,,,,60.45,43.25,,1745209652,,,,,18437475,,,60.50,60.65,,900,2025-04-21 09:57:32.222
tf,NFO,79632,,,,,60.35,43.01,,1745209652,,,,,,,,,,,,2025-04-21 09:57:32.612
tf,NFO,79632,,,,,60.20,42.65,,1745209653,,,,,,,,,,,,2025-04-21 09:57:33.507
tf,NFO,79632,,,,,60.30,42.89,,1745209654,,,,,18444375,,,60.25,60.40,600,1500,2025-04-21 09:57:33.733
tf,NFO,79632,,,,,60.50,43.36,,1745209654,,,,,,,,,,,,2025-04-21 09:57:34.508
tf,NFO,79632,,,,,60.55,43.48,,1745209655,,,,,,,,,,,,2025-04-21 09:57:35.509
tf,NFO,79632,,,,,,,,1745209655,,,,,18446625,,,60.50,60.65,1575,375,2025-04-21 09:57:35.518
tf,NFO,79632,,,,,60.00,42.18,,1745209657,,,,52.41,18458400,,,59.85,60.00,,300,2025-04-21 09:57:37.122
tf,NFO,79632,,,,,60.35,43.01,,1745209657,,,,,,,,,,,,2025-04-21 09:57:37.531
tf,NFO,79632,,,,,60.70,43.84,,1745209658,,,,,,,,,,,,2025-04-21 09:57:38.551
tf,NFO,79632,,,,,60.95,44.43,,1745209659,,,,,18461475,,,60.75,60.90,300,3225,2025-04-21 09:57:38.948
tf,NFO,79632,,,,,60.70,43.84,,1745209659,,,,,,3466650,,,,,,2025-04-21 09:57:39.514
tf,NFO,79632,,,,,60.55,43.48,,1745209660,,,,,18471225,,,60.60,60.70,825,150,2025-04-21 09:57:40.337
tf,NFO,79632,,,,,60.70,43.84,,1745209660,,,,,,,,,,,,2025-04-21 09:57:40.513
tf,NFO,79632,,,,,60.65,43.72,,1745209661,,,,,,,,,,,,2025-04-21 09:57:41.516
tf,NFO,79632,,,,,61.30,45.26,,1745209662,,,,52.42,18479175,,,61.15,61.30,975,,2025-04-21 09:57:42.152
tf,NFO,79632,,,,,61.40,45.50,,1745209662,,,,,,,,,,,,2025-04-21 09:57:42.527
tf,NFO,79632,,,,,61.25,45.14,,1745209663,,,,,,,,,,,,2025-04-21 09:57:43.519
tf,NFO,79632,,,,,61.30,45.26,,1745209664,,,,,18487500,,,61.10,61.25,1350,450,2025-04-21 09:57:43.735
tf,NFO,79632,,,,,61.55,45.85,,1745209664,,,,,,,,,,,,2025-04-21 09:57:44.565
tf,NFO,79632,,,,,,,,1745209665,,,,52.43,18505275,,,61.50,61.60,225,600,2025-04-21 09:57:45.487
tf,NFO,79632,,,,,62.50,48.10,,1745209666,,,,,,,,,,,,2025-04-21 09:57:46.516
tf,NFO,79632,,,,,62.30,47.63,,1745209667,,,,52.44,18516975,,,62.25,62.45,750,1650,2025-04-21 09:57:47.138
tf,NFO,79632,,,,,62.15,47.27,,1745209667,,,,,,,,,,,,2025-04-21 09:57:47.528
tf,NFO,79632,,,,,61.05,44.67,,1745209669,,,,,,,,,,,,2025-04-21 09:57:48.712
tf,NFO,79632,,,,,60.95,44.43,,1745209669,,,,,18530700,,,61.05,61.15,225,675,2025-04-21 09:57:48.743
tf,NFO,79632,,,,,60.55,43.48,,1745209669,,,,,,,,,,,,2025-04-21 09:57:49.513
tf,NFO,79632,,,,,60.80,44.08,,1745209670,,,,52.45,18547275,,,60.65,60.80,75,1875,2025-04-21 09:57:50.348
tf,NFO,79632,,,,,60.75,43.96,,1745209670,,,,,,,,,,,,2025-04-21 09:57:50.518
tf,NFO,79632,,,,,60.35,43.01,,1745209671,,,,,,,,,,,,2025-04-21 09:57:51.540
tf,NFO,79632,,,,,60.60,43.60,,1745209672,,,,,18554925,,,60.50,60.65,750,1200,2025-04-21 09:57:52.243
tf,NFO,79632,,,,,60.35,43.01,,1745209672,,,,,,,,,,,,2025-04-21 09:57:52.700
tf,NFO,79632,,,,,60.15,42.54,,1745209673,,,,,,,,,,,,2025-04-21 09:57:53.518
tf,NFO,79632,,,,,60.25,42.77,,1745209674,,,,52.46,18563175,,,60.00,60.15,4875,2100,2025-04-21 09:57:53.906
tf,NFO,79632,,,,,60.00,42.18,,1745209674,,,,,,,,,,,,2025-04-21 09:57:54.611
tf,NFO,79632,,,,,,,,1745209675,,,,,18572700,,,59.90,60.05,1050,1425,2025-04-21 09:57:55.354
tf,NFO,79632,,,,,59.75,41.59,,1745209676,,,,,,,,,,,,2025-04-21 09:57:56.529
tf,NFO,79632,,,,,59.45,40.88,,1745209677,,,,,18584925,,,59.45,59.60,975,975,2025-04-21 09:57:57.155
tf,NFO,79632,,,,,59.40,40.76,,1745209677,,,,,,,,,,,,2025-04-21 09:57:57.551
tf,NFO,79632,,,,,59.20,40.28,,1745209678,,,,,,,,,,,,2025-04-21 09:57:58.631
tf,NFO,79632,,,,,59.15,40.17,,1745209679,,,,52.47,18592350,,,59.25,59.35,300,225,2025-04-21 09:57:58.826
tf,NFO,79632,,,,,60.15,42.54,,1745209679,,,,,,,,,,,,2025-04-21 09:57:59.551
tf,NFO,79632,,,,,60.70,43.84,,1745209680,,,,,18603750,,,60.60,60.70,1125,375,2025-04-21 09:58:00.362
tf,NFO,79632,,,,,60.60,43.60,,1745209681,,,,,,,,,,,,2025-04-21 09:58:01.521
tf,NFO,79632,,,,,60.65,43.72,,1745209682,,,,52.48,18613200,,,60.50,60.65,900,1275,2025-04-21 09:58:02.175
tf,NFO,79632,,,,,60.40,43.13,,1745209682,,,,,,,,,,,,2025-04-21 09:58:02.526
tf,NFO,79632,,,,,60.45,43.25,,1745209683,,,,,,,,,,,,2025-04-21 09:58:03.523
tf,NFO,79632,,,,,60.55,43.48,,1745209684,,,,,18621375,,,60.55,60.70,525,750,2025-04-21 09:58:03.776
tf,NFO,79632,,,,,60.95,44.43,,1745209684,,,,,,,,,,,,2025-04-21 09:58:04.532
tf,NFO,79632,,,,,60.40,43.13,,1745209685,,,,,18625725,,,60.40,60.50,1125,600,2025-04-21 09:58:05.391
tf,NFO,79632,,,,,60.35,43.01,,1745209685,,,,,,,,,,,,2025-04-21 09:58:05.853
tf,NFO,79632,,,,,60.50,43.36,,1745209686,,,,,,,,,,,,2025-04-21 09:58:06.524
tf,NFO,79632,,,,,60.75,43.96,,1745209687,,,,,18630675,,,60.60,60.70,525,300,2025-04-21 09:58:07.176
tf,NFO,79632,,,,,60.70,43.84,,1745209687,,,,,,,,,,,,2025-04-21 09:58:07.531
tf,NFO,79632,,,,,61.00,44.55,,1745209688,,,,,,,,,,,,2025-04-21 09:58:08.526
tf,NFO,79632,,,,,60.95,44.43,,1745209689,,,,52.49,18633300,,,61.05,61.20,600,975,2025-04-21 09:58:08.780
tf,NFO,79632,,,,,61.35,45.38,,1745209689,,,,,,,,,,,,2025-04-21 09:58:09.530
tf,NFO,79632,,,,,61.15,44.91,,1745209690,,,,,18638550,,,61.15,61.30,2025,2400,2025-04-21 09:58:10.387
tf,NFO,79632,,,,,61.25,45.14,,1745209690,,,,,,,,,,,,2025-04-21 09:58:10.526
tf,NFO,79632,,,,,61.95,46.80,,1745209691,,,,,,,,,,,,2025-04-21 09:58:11.538
tf,NFO,79632,,,,,61.75,46.33,,1745209692,,,,52.50,18657300,,,61.65,61.75,225,75,2025-04-21 09:58:12.311
tf,NFO,79632,,,,,61.55,45.85,,1745209693,,,,,,,,,,,,2025-04-21 09:58:13.529
tf,NFO,79632,,,,,61.60,45.97,,1745209694,,,,52.51,18675375,,,61.50,61.65,1575,675,2025-04-21 09:58:13.820
tf,NFO,79632,,,,,61.65,46.09,,1745209694,,,,,,,,,,,,2025-04-21 09:58:14.658
tf,NFO,79632,,,,,61.60,45.97,,1745209695,,,,,18683475,,,61.45,61.60,675,825,2025-04-21 09:58:15.392
tf,NFO,79632,,,,,61.50,45.73,,1745209696,,,,,,,,,,,,2025-04-21 09:58:16.536
tf,NFO,79632,,,,,61.60,45.97,,1745209697,,,,,18693150,,,61.35,61.55,2250,1200,2025-04-21 09:58:17.190
tf,NFO,79632,,,,,61.35,45.38,,1745209697,,,,,,,,,,,,2025-04-21 09:58:18.306
tf,NFO,79632,,,,,61.40,45.50,,1745209698,,,,,,,,,,,,2025-04-21 09:58:18.535
tf,NFO,79632,,,,,61.30,45.26,,1745209699,,,,52.52,18696225,,,61.30,61.45,2100,600,2025-04-21 09:58:18.871
tf,NFO,79632,,,,,61.00,44.55,,1745209699,,,,,,,,,,,,2025-04-21 09:58:19.534
tf,NFO,79632,,,,,61.05,44.67,,1745209700,,,,,18700800,,,61.05,61.20,750,300,2025-04-21 09:58:20.411
tf,NFO,79632,,,,,61.20,45.02,,1745209700,,,,,,,,,,,,2025-04-21 09:58:20.535
tf,NFO,79632,,,,,61.50,45.73,,1745209702,,,,,18706050,,,61.40,61.55,,1050,2025-04-21 09:58:22.393
tf,NFO,79632,,,,,61.20,45.02,,1745209702,,,,,,,,,,,,2025-04-21 09:58:22.557
tf,NFO,79632,,,,,60.90,44.31,,1745209703,,,,,,,,,,,,2025-04-21 09:58:23.540
tf,NFO,79632,,,,,60.85,44.19,,1745209704,,,,52.53,18717150,,,60.80,60.95,1725,300,2025-04-21 09:58:23.831
tf,NFO,79632,,,,,60.90,44.31,,1745209704,,,,,,,,,,,,2025-04-21 09:58:24.588
