t,e,tk,ts,pp,ls,ti,lp,pc,c,ft,o,h,l,ap,v,oi,poi,bp1,sp1,bq1,sq1,received_timestamp
tk,NFO,79517,NIFTY24APR25C23900,2,75,0.05,220.55,34.07,164.50,1745209404,197.45,234.00,165.35,196.53,21598725,3235575,1935450,220.10,220.60,225,75,2025-04-21 09:53:24.022
tf,NFO,79517,,,,,219.90,33.68,,1745209404,,,,,,,,,,,,2025-04-21 09:53:24.479
tf,NFO,79517,,,,,219.15,33.22,,1745209405,,,,,21604950,,,219.15,219.55,300,150,2025-04-21 09:53:25.392
tf,NFO,79517,,,,,219.80,33.62,,1745209405,,,,,,,,,,,,2025-04-21 09:53:25.488
tf,NFO,79517,,,,,218.05,32.55,,1745209406,,,,,,,,,,,,2025-04-21 09:53:26.679
tf,NFO,79517,,,,,218.80,33.01,,1745209407,,,,196.54,21612825,,,218.75,219.20,,450,2025-04-21 09:53:27.048
tf,NFO,79517,,,,,218.55,32.86,,1745209407,,,,,,,,,,,,2025-04-21 09:53:27.483
tf,NFO,79517,,,,,217.50,32.22,,1745209408,,,,,,,,,,,,2025-04-21 09:53:28.488
tf,NFO,79517,,,,,216.90,31.85,,1745209409,,,,196.55,21623175,,,216.85,217.30,150,75,2025-04-21 09:53:28.858
tf,NFO,79517,,,,,216.85,31.82,,1745209409,,,,,,,,,,,,2025-04-21 09:53:29.581
tf,NFO,79517,,,,,218.10,32.58,,1745209410,,,,196.56,21630525,,,218.45,218.75,,,2025-04-21 09:53:30.403
tf,NFO,79517,,,,,218.30,32.71,,1745209411,,,,,,,,,,,,2025-04-21 09:53:31.488
tf,NFO,79517,,,,,219.20,33.25,,1745209412,,,,,21635700,,,219.15,219.50,600,,2025-04-21 09:53:32.004
tf,NFO,79517,,,,,218.50,32.83,,1745209412,,,,,,,,,,,,2025-04-21 09:53:32.564
tf,NFO,79517,,,,,217.70,32.34,,1745209413,,,,,,,,,,,,2025-04-21 09:53:33.563
tf,NFO,79517,,,,,217.60,32.28,,1745209414,,,,196.57,21645675,,,217.10,217.50,225,600,2025-04-21 09:53:33.809
tf,NFO,79517,,,,,218.40,32.77,,1745209414,,,,,,,,,,,,2025-04-21 09:53:34.488
tf,NFO,79517,,,,,218.05,32.55,,1745209415,,,,196.58,21651975,,,217.55,218.00,675,300,2025-04-21 09:53:35.411
tf,NFO,79517,,,,,218.15,32.61,,1745209416,,,,,,,,,,,,2025-04-21 09:53:36.489
tf,NFO,79517,,,,,218.95,33.10,,1745209417,,,,196.59,21656775,,,218.80,219.15,75,225,2025-04-21 09:53:37.016
tf,NFO,79517,,,,,218.90,33.07,,1745209417,,,,,,,,,,,,2025-04-21 09:53:37.506
tf,NFO,79517,,,,,219.05,33.16,,1745209418,,,,,,,,,,,,2025-04-21 09:53:38.495
tf,NFO,79517,,,,,219.55,33.47,,1745209419,,,,,21662700,,,219.25,219.75,450,375,2025-04-21 09:53:38.837
tf,NFO,79517,,,,,219.85,33.65,,1745209419,,,,,,,,,,,,2025-04-21 09:53:39.540
tf,NFO,79517,,,,,220.60,34.10,,1745209420,,,,196.60,21671025,,,220.60,221.00,375,1275,2025-04-21 09:53:40.563
tf,NFO,79517,,,,,221.70,34.77,,1745209421,,,,,,,,,,,,2025-04-21 09:53:41.496
tf,NFO,79517,,,,,220.80,34.22,,1745209422,,,,196.61,21675900,,,220.20,220.70,450,600,2025-04-21 09:53:42.027
tf,NFO,79517,,,,,221.00,34.35,,1745209422,,,,,,,,,,,,2025-04-21 09:53:42.556
tf,NFO,79517,,,,,218.75,32.98,,1745209423,,,,,,,,,,,,2025-04-21 09:53:43.507
tf,NFO,79517,,,,,218.70,32.95,,1745209424,,,,,21683850,,,218.05,218.55,375,225,2025-04-21 09:53:43.831
tf,NFO,79517,,,,,220.50,34.04,,1745209424,,,,,,,,,,,,2025-04-21 09:53:44.496
tf,NFO,79517,,,,,219.15,33.22,,1745209425,,,,196.62,21686325,,,218.65,219.15,225,825,2025-04-21 09:53:45.427
tf,NFO,79517,,,,,218.70,32.95,,1745209425,,,,,,,,,,,,2025-04-21 09:53:45.494
tf,NFO,79517,,,,,218.85,33.04,,1745209426,,,,,,,,,,,,2025-04-21 09:53:46.525
tf,NFO,79517,,,,,219.00,33.13,,1745209427,,,,,21691275,,,218.70,219.10,75,750,2025-04-21 09:53:47.079
tf,NFO,79517,,,,,219.95,33.71,,1745209427,,,,,,,,,,,,2025-04-21 09:53:47.507
tf,NFO,79517,,,,,220.30,33.92,,1745209428,,,,,,,,,,,,2025-04-21 09:53:48.499
tf,NFO,79517,,,,,219.30,33.31,,1745209429,,,,196.63,21695100,,,219.15,219.65,375,150,2025-04-21 09:53:48.835
tf,NFO,79517,,,,,220.00,33.74,,1745209429,,,,,,,,,,,,2025-04-21 09:53:49.499
tf,NFO,79517,,,,,218.50,32.83,,1745209430,,,,,21696675,,,218.30,218.75,300,,2025-04-21 09:53:50.435
tf,NFO,79517,,,,,218.65,32.92,,1745209430,,,,,,,,,,,,2025-04-21 09:53:50.499
tf,NFO,79517,,,,,219.95,33.71,,1745209431,,,,,,,,,,,,2025-04-21 09:53:51.507
tf,NFO,79517,,,,,220.40,33.98,,1745209432,,,,,21701925,,,220.05,220.50,225,375,2025-04-21 09:53:52.041
tf,NFO,79517,,,,,219.70,33.56,,1745209432,,,,,,,,,,,,2025-04-21 09:53:52.573
tf,NFO,79517,,,,,220.00,33.74,,1745209433,,,,,,,,,,,,2025-04-21 09:53:53.498
tf,NFO,79517,,,,,218.70,32.95,,1745209434,,,,196.64,21704175,,,218.90,219.40,675,525,2025-04-21 09:53:53.848
tf,NFO,79517,,,,,219.10,33.19,,1745209434,,,,,,,,,,,,2025-04-21 09:53:54.609
tf,NFO,79517,,,,,218.60,32.89,,1745209435,,,,,21707100,,,218.05,218.45,150,150,2025-04-21 09:53:55.460
tf,NFO,79517,,,,,219.95,33.71,,1745209436,,,,,,,,,,,,2025-04-21 09:53:56.527
tf,NFO,79517,,,,,218.95,33.10,,1745209437,,,,,21710175,,,218.85,219.40,375,450,2025-04-21 09:53:57.049
tf,NFO,79517,,,,,217.60,32.28,,1745209437,,,,,,,,,,,,2025-04-21 09:53:57.509
tf,NFO,79517,,,,,218.60,32.89,,1745209438,,,,,,,,,,,,2025-04-21 09:53:58.504
tf,NFO,79517,,,,,218.55,32.86,,1745209439,,,,196.65,21715950,,,218.75,219.25,75,375,2025-04-21 09:53:58.879
tf,NFO,79517,,,,,219.00,33.13,,1745209439,,,,,,,,,,,,2025-04-21 09:53:59.607
tf,NFO,79517,,,,,219.10,33.19,,1745209440,,,,196.66,21723600,,,218.95,219.50,750,,2025-04-21 09:54:00.452
tf,NFO,79517,,,,,219.30,33.31,,1745209440,,,,,,,,,,,,2025-04-21 09:54:00.635
tf,NFO,79517,,,,,218.75,32.98,,1745209441,,,,,,,,,,,,2025-04-21 09:54:01.622
tf,NFO,79517,,,,,219.10,33.19,,1745209442,,,,,21726225,,,218.65,219.15,225,300,2025-04-21 09:54:02.063
tf,NFO,79517,,,,,219.95,33.71,,1745209442,,,,,,,,,,,,2025-04-21 09:54:02.515
tf,NFO,79517,,,,,219.40,33.37,,1745209443,,,,,,,,,,,,2025-04-21 09:54:03.511
tf,NFO,79517,,,,,218.75,32.98,,1745209444,,,,,21729225,,,218.55,219.00,,225,2025-04-21 09:54:03.858
tf,NFO,79517,,,,,218.80,33.01,,1745209444,,,,,,,,,,,,2025-04-21 09:54:04.519
tf,NFO,79517,,,,,218.30,32.71,,1745209445,,,,196.67,21732675,,,,219.10,825,750,2025-04-21 09:54:05.553
tf,NFO,79517,,,,,218.00,32.52,,1745209445,,,,,,,,,,,,2025-04-21 09:54:05.574
tf,NFO,79517,,,,,217.35,32.13,,1745209446,,,,,,,,,,,,2025-04-21 09:54:06.583
tf,NFO,79517,,,,,217.30,32.10,,1745209447,,,,,21734700,,,218.05,218.55,75,900,2025-04-21 09:54:07.068
tf,NFO,79517,,,,,219.35,33.34,,1745209447,,,,,,,,,,,,2025-04-21 09:54:07.507
tf,NFO,79517,,,,,218.50,32.83,,1745209448,,,,,,,,,,,,2025-04-21 09:54:08.512
tf,NFO,79517,,,,,,,,1745209449,,,,,21738150,,,218.25,218.80,675,375,2025-04-21 09:54:08.866
tf,NFO,79517,,,,,218.70,32.95,,1745209449,,,,,,,,,,,,2025-04-21 09:54:09.526
tf,NFO,79517,,,,,218.00,32.52,,1745209450,,,,,21739425,,,217.60,218.10,150,975,2025-04-21 09:54:10.469
tf,NFO,79517,,,,,218.15,32.61,,1745209452,,,,,21740700,,,218.25,218.70,300,1050,2025-04-21 09:54:12.075
tf,NFO,79517,,,,,218.10,32.58,,1745209452,,,,,,,,,,,,2025-04-21 09:54:12.562
tf,NFO,79517,,,,,217.00,31.91,,1745209453,,,,,,,,,,,,2025-04-21 09:54:13.562
tf,NFO,79517,,,,,217.80,32.40,,1745209454,,,,196.68,21745650,,,217.50,217.90,1350,75,2025-04-21 09:54:13.891
tf,NFO,79517,,,,,218.20,32.64,,1745209454,,,,,,,,,,,,2025-04-21 09:54:14.516
tf,NFO,79517,,,,,217.65,32.31,,1745209455,,,,,21749700,,,217.80,218.25,300,900,2025-04-21 09:54:15.474
tf,NFO,79517,,,,,218.35,32.74,,1745209455,,,,,,,,,,,,2025-04-21 09:54:15.517
tf,NFO,79517,,,,,219.50,33.43,,1745209456,,,,,,,,,,,,2025-04-21 09:54:16.568
tf,NFO,79517,,,,,218.55,32.86,,1745209457,,,,196.69,21753750,,,219.20,219.70,750,450,2025-04-21 09:54:17.084
tf,NFO,79517,,,,,219.10,33.19,,1745209457,,,,,,,,,,,,2025-04-21 09:54:17.556
tf,NFO,79517,,,,,219.25,33.28,,1745209458,,,,,,,,,,,,2025-04-21 09:54:18.554
tf,NFO,79517,,,,,,,,1745209459,,,,,21755025,,,219.50,219.80,1050,300,2025-04-21 09:54:18.680
tf,NFO,79517,,,,,221.40,34.59,,1745209459,,,,,,,,,,,,2025-04-21 09:54:20.070
tf,NFO,79517,,,,,221.95,34.92,,1745209460,,,,196.70,21766500,,,221.40,221.85,375,525,2025-04-21 09:54:20.581
tf,NFO,79517,,,,,221.30,34.53,,1745209461,,,,,,,,,,,,2025-04-21 09:54:21.566
tf,NFO,79517,,,,,221.15,34.44,,1745209462,,,,196.71,21773775,,,221.25,221.70,75,900,2025-04-21 09:54:22.085
tf,NFO,79517,,,,,220.60,34.10,,1745209462,,,,,,,,,,,,2025-04-21 09:54:22.519
tf,NFO,79517,,,,,221.45,34.62,,1745209463,,,,,,,,,,,,2025-04-21 09:54:23.557
tf,NFO,79517,,,,,221.75,34.80,,1745209464,,,,196.72,21782475,,,221.60,222.00,150,75,2025-04-21 09:54:23.762
tf,NFO,79517,,,,,221.10,34.41,,1745209464,,,,,,,,,,,,2025-04-21 09:54:24.615
tf,NFO,79517,,,,,221.55,34.68,,1745209465,,,,,21785475,,,220.90,221.40,450,675,2025-04-21 09:54:25.430
tf,NFO,79517,,,,,221.25,34.50,,1745209466,,,,,,,,,,,,2025-04-21 09:54:26.835
tf,NFO,79517,,,,,220.60,34.10,,1745209467,,,,,21788025,,,221.05,221.50,525,375,2025-04-21 09:54:27.108
tf,NFO,79517,,,,,220.35,33.95,,1745209467,,,,,,,,,,,,2025-04-21 09:54:27.564
tf,NFO,79517,,,,,220.60,34.10,,1745209468,,,,,,,,,,,,2025-04-21 09:54:28.529
tf,NFO,79517,,,,,220.75,34.19,,1745209469,,,,196.73,21793425,,,220.40,220.85,150,675,2025-04-21 09:54:28.749
tf,NFO,79517,,,,,221.50,34.65,,1745209469,,,,,,,,,,,,2025-04-21 09:54:29.525
tf,NFO,79517,,,,,219.80,33.62,,1745209470,,,,196.74,21798150,,,219.75,220.15,225,75,2025-04-21 09:54:30.302
tf,NFO,79517,,,,,219.75,33.59,,1745209470,,,,,,,,,,,,2025-04-21 09:54:30.544
tf,NFO,79517,,,,,220.60,34.10,,1745209471,,,,,,,,,,,,2025-04-21 09:54:31.576
tf,NFO,79517,,,,,220.90,34.29,,1745209472,,,,,21802350,,,220.45,220.95,150,825,2025-04-21 09:54:31.932
tf,NFO,79517,,,,,220.05,33.77,,1745209472,,,,,,,,,,,,2025-04-21 09:54:32.561
tf,NFO,79517,,,,,219.60,33.50,,1745209473,,,,,,,,,,,,2025-04-21 09:54:33.577
tf,NFO,79517,,,,,219.35,33.34,,1745209474,,,,196.75,21811050,,,220.00,220.45,525,75,2025-04-21 09:54:33.775
tf,NFO,79517,,,,,221.70,34.77,,1745209474,,,,,,,,,,,,2025-04-21 09:54:34.621
tf,NFO,79517,,,,,220.35,33.95,,1745209475,,,,,21815775,,,219.85,220.30,300,300,2025-04-21 09:54:35.425
tf,NFO,79517,,,,,220.45,34.01,,1745209475,,,,,,,,,,,,2025-04-21 09:54:35.734
tf,NFO,79517,,,,,221.10,34.41,,1745209476,,,,,,,,,,,,2025-04-21 09:54:36.530
tf,NFO,79517,,,,,221.35,34.56,,1745209477,,,,196.76,21818775,,,220.95,221.35,450,1125,2025-04-21 09:54:36.708
tf,NFO,79517,,,,,221.30,34.53,,1745209477,,,,,,,,,,,,2025-04-21 09:54:37.531
tf,NFO,79517,,,,,220.00,33.74,,1745209478,,,,,21823050,,,220.20,220.65,375,450,2025-04-21 09:54:38.516
tf,NFO,79517,,,,,,,,1745209478,,,,,,3291150,,,,,,2025-04-21 09:54:38.567
tf,NFO,79517,,,,,221.55,34.68,,1745209479,,,,,,,,,,,,2025-04-21 09:54:39.561
tf,NFO,79517,,,,,221.45,34.62,,1745209480,,,,196.77,21827775,,,221.20,221.65,75,375,2025-04-21 09:54:40.130
tf,NFO,79517,,,,,221.20,34.47,,1745209480,,,,,,,,,,,,2025-04-21 09:54:40.549
tf,NFO,79517,,,,,221.25,34.50,,1745209481,,,,,,,,,,,,2025-04-21 09:54:41.530
tf,NFO,79517,,,,,221.75,34.80,,1745209482,,,,,21830175,,,221.15,221.60,150,300,2025-04-21 09:54:41.712
tf,NFO,79517,,,,,222.00,34.95,,1745209482,,,,,,,,,,,,2025-04-21 09:54:42.530
tf,NFO,79517,,,,,220.75,34.19,,1745209483,,,,196.78,21837225,,,220.25,220.75,450,1425,2025-04-21 09:54:43.523
tf,NFO,79517,,,,,220.25,33.89,,1745209483,,,,,,,,,,,,2025-04-21 09:54:43.554
tf,NFO,79517,,,,,220.30,33.92,,1745209484,,,,,,,,,,,,2025-04-21 09:54:44.537
tf,NFO,79517,,,,,221.35,34.56,,1745209485,,,,,21839700,,,220.50,220.90,75,75,2025-04-21 09:54:45.119
tf,NFO,79517,,,,,221.85,34.86,,1745209485,,,,,,,,,,,,2025-04-21 09:54:45.628
tf,NFO,79517,,,,,221.55,34.68,,1745209486,,,,,,,,,,,,2025-04-21 09:54:46.687
tf,NFO,79517,,,,,221.40,34.59,,1745209487,,,,,21842175,,,221.00,221.30,,300,2025-04-21 09:54:46.733
tf,NFO,79517,,,,,221.90,34.89,,1745209487,,,,,,,,,,,,2025-04-21 09:54:47.617
tf,NFO,79517,,,,,221.20,34.47,,1745209488,,,,196.79,21850125,,,221.50,222.00,975,375,2025-04-21 09:54:48.524
tf,NFO,79517,,,,,222.50,35.26,,1745209489,,,,,,,,,,,,2025-04-21 09:54:49.534
tf,NFO,79517,,,,,221.50,34.65,,1745209490,,,,196.80,21853800,,,221.70,,150,75,2025-04-21 09:54:50.127
tf,NFO,79517,,,,,222.30,35.14,,1745209490,,,,,,,,,,,,2025-04-21 09:54:50.538
tf,NFO,79517,,,,,221.40,34.59,,1745209491,,,,,,,,,,,,2025-04-21 09:54:51.535
tf,NFO,79517,,,,,,,,1745209492,,,,196.81,21861150,,,221.15,221.50,525,,2025-04-21 09:54:51.731
tf,NFO,79517,,,,,222.45,35.23,,1745209492,,,,,,,,,,,,2025-04-21 09:54:52.536
tf,NFO,79517,,,,,222.65,35.35,,1745209493,,,,196.82,21872400,,,222.60,223.05,75,150,2025-04-21 09:54:53.528
tf,NFO,79517,,,,,222.90,35.50,,1745209494,,,,,,,,,,,,2025-04-21 09:54:53.734
tf,NFO,79517,,,,,223.75,36.02,,1745209494,,,,,,,,,,,,2025-04-21 09:54:54.535
tf,NFO,79517,,,,,,,,1745209495,,,,196.83,21880950,,,222.45,222.90,,750,2025-04-21 09:54:55.138
tf,NFO,79517,,,,,222.90,35.50,,1745209495,,,,,,,,,,,,2025-04-21 09:54:55.537
tf,NFO,79517,,,,,223.20,35.68,,1745209496,,,,,,,,,,,,2025-04-21 09:54:56.539
tf,NFO,79517,,,,,223.05,35.59,,1745209497,,,,196.84,21893625,,,222.65,223.15,225,375,2025-04-21 09:54:56.738
tf,NFO,79517,,,,,223.00,35.56,,1745209497,,,,,,,,,,,,2025-04-21 09:54:57.627
tf,NFO,79517,,,,,222.90,35.50,,1745209498,,,,196.86,21904050,,,222.80,223.30,900,75,2025-04-21 09:54:58.605
tf,NFO,79517,,,,,224.00,36.17,,1745209499,,,,,,,,,,,,2025-04-21 09:54:59.800
tf,NFO,79517,,,,,223.30,35.74,,1745209500,,,,,21908400,,,223.20,223.55,300,,2025-04-21 09:55:00.195
tf,NFO,79517,,,,,224.30,36.35,,1745209500,,,,,,,,,,,,2025-04-21 09:55:00.606
tf,NFO,79517,,,,,222.10,35.02,,1745209501,,,,,,,,,,,,2025-04-21 09:55:01.542
tf,NFO,79517,,,,,,,,1745209502,,,,196.88,21919650,,,222.30,222.75,675,,2025-04-21 09:55:01.749
tf,NFO,79517,,,,,221.85,34.86,,1745209502,,,,,,,,,,,,2025-04-21 09:55:02.547
tf,NFO,79517,,,,,222.55,35.29,,1745209503,,,,,,,,,,,,2025-04-21 09:55:03.543
tf,NFO,79517,,,,,,,,1745209503,,,,,21924825,,,222.10,222.55,450,225,2025-04-21 09:55:03.545
tf,NFO,79517,,,,,223.55,35.90,,1745209504,,,,,,,,,,,,2025-04-21 09:55:04.544
tf,NFO,79517,,,,,223.75,36.02,,1745209505,,,,196.89,21928950,,,223.00,223.50,675,150,2025-04-21 09:55:05.195
tf,NFO,79517,,,,,223.65,35.96,,1745209505,,,,,,,,,,,,2025-04-21 09:55:05.755
tf,NFO,79517,,,,,223.00,35.56,,1745209506,,,,,,,,,,,,2025-04-21 09:55:06.575
tf,NFO,79517,,,,,223.60,35.93,,1745209507,,,,,21933300,,,223.60,224.00,600,1950,2025-04-21 09:55:06.780
tf,NFO,79517,,,,,223.65,35.96,,1745209507,,,,,,,,,,,,2025-04-21 09:55:07.589
tf,NFO,79517,,,,,224.50,36.47,,1745209508,,,,,,,,,,,,2025-04-21 09:55:08.700
tf,NFO,79517,,,,,,,,1745209508,,,,196.90,21937725,,,224.40,224.90,525,150,2025-04-21 09:55:08.701
tf,NFO,79517,,,,,224.20,36.29,,1745209509,,,,,,,,,,,,2025-04-21 09:55:09.553
tf,NFO,79517,,,,,224.85,36.69,,1745209510,,,,196.92,21957900,,,224.00,224.50,,375,2025-04-21 09:55:10.154
tf,NFO,79517,,,,,225.00,36.78,,1745209510,,,,,,,,,,,,2025-04-21 09:55:10.548
tf,NFO,79517,,,,,226.25,37.54,,1745209511,,,,,,,,,,,,2025-04-21 09:55:11.565
tf,NFO,79517,,,,,225.20,36.90,,1745209512,,,,196.94,21967200,,,225.15,225.65,450,150,2025-04-21 09:55:11.875
tf,NFO,79517,,,,,224.55,36.50,,1745209512,,,,,,,,,,,,2025-04-21 09:55:12.552
tf,NFO,79517,,,,,225.10,36.84,,1745209513,,,,,,,,,,,,2025-04-21 09:55:13.553
tf,NFO,79517,,,,,,,,1745209513,,,,196.95,21979200,,,225.00,225.50,,375,2025-04-21 09:55:13.560
tf,NFO,79517,,,,,226.75,37.84,,1745209514,,,,,,,,,,,,2025-04-21 09:55:14.553
tf,NFO,79517,,,,,227.50,38.30,,1745209515,,,,196.96,21987675,,,226.60,227.20,300,600,2025-04-21 09:55:15.163
tf,NFO,79517,,,,,228.00,38.60,,1745209515,,,,,,,,,,,,2025-04-21 09:55:15.551
tf,NFO,79517,,,,,228.25,38.75,,1745209516,,,,,,,,,,,,2025-04-21 09:55:16.566
tf,NFO,79517,,,,,228.85,39.12,,1745209517,,,,196.99,22009875,,,228.50,229.00,,6075,2025-04-21 09:55:16.770
tf,NFO,79517,,,,,235.80,43.34,,1745209518,,,,,,,,,,,,2025-04-21 09:55:17.753
tf,NFO,79517,,,,,236.00,43.47,,1745209518,,,,,,,,,,,,2025-04-21 09:55:18.629
tf,NFO,79517,,,,,,,,1745209518,,236.75,,197.20,22136250,,,235.40,235.90,450,300,2025-04-21 09:55:18.630
tf,NFO,79517,,,,,234.65,42.64,,1745209520,,,,,,,,,,,,2025-04-21 09:55:19.882
tf,NFO,79517,,,,,235.20,42.98,,1745209520,,236.90,,197.27,22177425,,,234.75,235.15,75,75,2025-04-21 09:55:20.170
tf,NFO,79517,,,,,234.60,42.61,,1745209520,,,,,,,,,,,,2025-04-21 09:55:20.557
tf,NFO,79517,,,,,237.50,44.38,,1745209521,,,,,,,,,,,,2025-04-21 09:55:21.569
tf,NFO,79517,,,,,237.45,44.35,,1745209522,,238.00,,197.31,22201650,,,237.40,237.95,675,300,2025-04-21 09:55:21.772
tf,NFO,79517,,,,,238.90,45.23,,1745209522,,,,,,,,,,,,2025-04-21 09:55:22.559
tf,NFO,79517,,,,,238.65,45.08,,1745209523,,239.90,,197.37,22230300,,,238.70,239.00,75,75,2025-04-21 09:55:23.380
tf,NFO,79517,,,,,239.40,45.53,,1745209523,,,,,,,,,,,,2025-04-21 09:55:23.571
tf,NFO,79517,,,,,238.85,45.20,,1745209525,,,,,,,,,,,,2025-04-21 09:55:24.756
tf,NFO,79517,,,,,239.05,45.32,,1745209525,,240.00,,197.44,22271850,,,,239.05,225,225,2025-04-21 09:55:25.179
tf,NFO,79517,,,,,237.05,44.10,,1745209525,,,,,,,,,,,,2025-04-21 09:55:25.690
tf,NFO,79517,,,,,238.75,45.14,,1745209526,,,,,,,,,,,,2025-04-21 09:55:26.563
tf,NFO,79517,,,,,239.65,45.68,,1745209527,,,,197.50,22302825,,,239.10,239.70,75,375,2025-04-21 09:55:26.782
tf,NFO,79517,,,,,239.30,45.47,,1745209527,,,,,,,,,,,,2025-04-21 09:55:27.563
tf,NFO,79517,,,,,240.45,46.17,,1745209528,,241.35,,197.59,22352550,,,240.35,240.85,150,150,2025-04-21 09:55:28.408
tf,NFO,79517,,,,,239.80,45.78,,1745209528,,,,,,,,,,,,2025-04-21 09:55:28.568
tf,NFO,79517,,,,,237.90,44.62,,1745209530,,,,197.67,22392375,,,238.10,238.70,,450,2025-04-21 09:55:30.185
tf,NFO,79517,,,,,238.05,44.71,,1745209530,,,,,,,,,,,,2025-04-21 09:55:30.566
tf,NFO,79517,,,,,239.50,45.59,,1745209531,,,,,,,,,,,,2025-04-21 09:55:31.594
tf,NFO,79517,,,,,238.55,45.02,,1745209532,,,,197.72,22419750,,,238.95,239.60,75,225,2025-04-21 09:55:31.785
tf,NFO,79517,,,,,239.95,45.87,,1745209533,,,,197.76,22443000,,,239.70,240.05,,75,2025-04-21 09:55:33.410
tf,NFO,79517,,,,,239.00,45.29,,1745209533,,,,,,,,,,,,2025-04-21 09:55:33.568
tf,NFO,79517,,,,,238.95,45.26,,1745209534,,,,,,,,,,,,2025-04-21 09:55:34.566
tf,NFO,79517,,,,,237.45,44.35,,1745209535,,,,197.79,22455750,,,237.15,237.65,600,225,2025-04-21 09:55:35.189
tf,NFO,79517,,,,,237.05,44.10,,1745209535,,,,,,,,,,,,2025-04-21 09:55:35.565
tf,NFO,79517,,,,,236.70,43.89,,1745209536,,,,,,,,,,,,2025-04-21 09:55:36.596
tf,NFO,79517,,,,,236.90,44.01,,1745209537,,,,197.81,22467825,,,236.90,237.40,300,450,2025-04-21 09:55:36.791
tf,NFO,79517,,,,,238.05,44.71,,1745209537,,,,,,,,,,,,2025-04-21 09:55:37.567
tf,NFO,79517,,,,,238.20,44.80,,1745209538,,,,197.83,22482975,,,238.10,238.65,450,225,2025-04-21 09:55:38.414
tf,NFO,79517,,,,,237.80,44.56,,1745209538,,,,,,,,,,,,2025-04-21 09:55:38.572
tf,NFO,79517,,,,,238.25,44.83,,1745209539,,,,,,,,,,,,2025-04-21 09:55:39.575
tf,NFO,79517,,,,,238.45,44.95,,1745209540,,,,197.85,22492650,,,,,825,300,2025-04-21 09:55:40.000
tf,NFO,79517,,,,,238.85,45.20,,1745209540,,,,,,,,,,,,2025-04-21 09:55:40.581
tf,NFO,79517,,,,,238.30,44.86,,1745209541,,,,,,,,,,,,2025-04-21 09:55:41.576
tf,NFO,79517,,,,,238.40,44.92,,1745209542,,,,197.87,22503375,,,238.50,239.00,600,450,2025-04-21 09:55:41.811
tf,NFO,79517,,,,,239.15,45.38,,1745209542,,,,,,,,,,,,2025-04-21 09:55:42.568
tf,NFO,79517,,,,,239.95,45.87,,1745209543,,,,197.90,22517475,,,239.60,240.00,525,600,2025-04-21 09:55:43.402
tf,NFO,79517,,,,,239.25,45.44,,1745209543,,,,,,,,,,,,2025-04-21 09:55:43.571
tf,NFO,79517,,,,,240.85,46.41,,1745209544,,,,,,,,,,,,2025-04-21 09:55:44.568
tf,NFO,79517,,,,,238.75,45.14,,1745209545,,,,197.92,22531875,,,238.75,239.20,300,75,2025-04-21 09:55:45.072
tf,NFO,79517,,,,,237.95,44.65,,1745209545,,,,,,,,,,,,2025-04-21 09:55:45.647
tf,NFO,79517,,,,,238.05,44.71,,1745209546,,,,,,,,,,,,2025-04-21 09:55:46.569
tf,NFO,79517,,,,,237.80,44.56,,1745209547,,,,197.94,22542225,,,238.15,238.50,75,300,2025-04-21 09:55:46.807
tf,NFO,79517,,,,,238.75,45.14,,1745209547,,,,,,,,,,,,2025-04-21 09:55:47.573
tf,NFO,79517,,,,,238.30,44.86,,1745209548,,,,197.97,22555500,,,238.30,238.85,300,150,2025-04-21 09:55:48.411
tf,NFO,79517,,,,,238.95,45.26,,1745209548,,,,,,,,,,,,2025-04-21 09:55:48.572
tf,NFO,79517,,,,,238.55,45.02,,1745209549,,,,,,,,,,,,2025-04-21 09:55:49.577
tf,NFO,79517,,,,,238.05,44.71,,1745209550,,,,197.98,22564950,,,238.10,238.65,,600,2025-04-21 09:55:50.016
tf,NFO,79517,,,,,238.40,44.92,,1745209550,,,,,,,,,,,,2025-04-21 09:55:50.582
tf,NFO,79517,,,,,237.75,44.53,,1745209551,,,,,,,,,,,,2025-04-21 09:55:51.603
tf,NFO,79517,,,,,238.50,44.98,,1745209552,,,,197.99,22571625,,,238.25,238.70,150,150,2025-04-21 09:55:51.815
tf,NFO,79517,,,,,236.90,44.01,,1745209552,,,,,,,,,,,,2025-04-21 09:55:52.662
tf,NFO,79517,,,,,234.55,42.58,,1745209553,,,,198.03,22592925,,,234.40,234.95,300,,2025-04-21 09:55:53.427
tf,NFO,79517,,,,,234.25,42.40,,1745209553,,,,,,,,,,,,2025-04-21 09:55:53.576
tf,NFO,79517,,,,,234.90,42.80,,1745209554,,,,,,,,,,,,2025-04-21 09:55:54.579
tf,NFO,79517,,,,,234.70,42.67,,1745209555,,,,198.06,22612650,,,234.70,235.20,225,75,2025-04-21 09:55:55.034
tf,NFO,79517,,,,,235.25,43.01,,1745209555,,,,,,,,,,,,2025-04-21 09:55:55.589
tf,NFO,79517,,,,,234.00,42.25,,1745209556,,,,,,,,,,,,2025-04-21 09:55:56.596
tf,NFO,79517,,,,,234.15,42.34,,1745209557,,,,198.08,22623375,,,233.60,234.00,300,450,2025-04-21 09:55:56.823
tf,NFO,79517,,,,,234.65,42.64,,1745209557,,,,,,,,,,,,2025-04-21 09:55:57.580
tf,NFO,79517,,,,,232.00,41.03,,1745209558,,,,198.13,22654650,,,231.95,232.30,150,300,2025-04-21 09:55:58.535
tf,NFO,79517,,,,,232.25,41.19,,1745209558,,,,,,,,,,,,2025-04-21 09:55:58.617
tf,NFO,79517,,,,,229.50,39.51,,1745209559,,,,,,,,,,,,2025-04-21 09:55:59.593
tf,NFO,79517,,,,,227.70,38.42,,1745209560,,,,198.19,22701150,,,227.05,227.60,225,75,2025-04-21 09:56:00.034
tf,NFO,79517,,,,,227.50,38.30,,1745209560,,,,,,,,,,,,2025-04-21 09:56:00.582
tf,NFO,79517,,,,,230.50,40.12,,1745209561,,,,,,,,,,,,2025-04-21 09:56:01.582
tf,NFO,79517,,,,,229.75,39.67,,1745209562,,,,198.22,22719900,,,229.70,230.15,375,225,2025-04-21 09:56:01.830
tf,NFO,79517,,,,,229.25,39.36,,1745209562,,,,,,,,,,,,2025-04-21 09:56:02.582
tf,NFO,79517,,,,,229.50,39.51,,1745209563,,,,198.23,22731225,,,229.10,229.45,975,75,2025-04-21 09:56:03.456
tf,NFO,79517,,,,,229.40,39.45,,1745209563,,,,,,,,,,,,2025-04-21 09:56:03.587
tf,NFO,79517,,,,,228.05,38.63,,1745209564,,,,,,,,,,,,2025-04-21 09:56:04.583
tf,NFO,79517,,,,,228.80,39.09,,1745209565,,,,198.25,22740825,,,228.80,229.25,75,,2025-04-21 09:56:05.139
tf,NFO,79517,,,,,228.25,38.75,,1745209565,,,,,,,,,,,,2025-04-21 09:56:05.604
tf,NFO,79517,,,,,229.50,39.51,,1745209566,,,,,,,,,,,,2025-04-21 09:56:06.590
tf,NFO,79517,,,,,229.25,39.36,,1745209567,,,,198.26,22753500,,,229.25,229.75,225,300,2025-04-21 09:56:06.838
tf,NFO,79517,,,,,229.70,39.64,,1745209567,,,,,,,,,,,,2025-04-21 09:56:07.584
tf,NFO,79517,,,,,231.30,40.61,,1745209568,,,,198.29,22770000,,,230.90,231.40,150,,2025-04-21 09:56:08.446
tf,NFO,79517,,,,,232.65,41.43,,1745209569,,,,,,,,,,,,2025-04-21 09:56:09.583
tf,NFO,79517,,,,,231.90,40.97,,1745209570,,,,198.30,22781325,,,231.75,232.20,75,75,2025-04-21 09:56:10.073
tf,NFO,79517,,,,,231.30,40.61,,1745209570,,,,,,,,,,,,2025-04-21 09:56:10.608
tf,NFO,79517,,,,,231.00,40.43,,1745209572,,,,,,,,,,,,2025-04-21 09:56:11.816
tf,NFO,79517,,,,,,,,1745209572,,,,198.32,22793250,,,230.95,231.45,600,375,2025-04-21 09:56:11.850
tf,NFO,79517,,,,,231.65,40.82,,1745209572,,,,,,,,,,,,2025-04-21 09:56:12.700
tf,NFO,79517,,,,,232.05,41.06,,1745209573,,,,198.33,22799025,,,231.50,231.95,225,300,2025-04-21 09:56:13.548
tf,NFO,79517,,,,,232.10,41.09,,1745209573,,,,,,,,,,,,2025-04-21 09:56:13.587
tf,NFO,79517,,,,,232.65,41.43,,1745209574,,,,,,,,,,,,2025-04-21 09:56:14.587
tf,NFO,79517,,,,,231.90,40.97,,1745209575,,,,,22801275,,,232.25,232.75,375,375,2025-04-21 09:56:15.167
tf,NFO,79517,,,,,233.00,41.64,,1745209575,,,,,,,,,,,,2025-04-21 09:56:15.591
tf,NFO,79517,,,,,231.60,40.79,,1745209576,,,,,,,,,,,,2025-04-21 09:56:16.591
tf,NFO,79517,,,,,231.55,40.76,,1745209577,,,,198.35,22812525,,,231.05,231.50,225,525,2025-04-21 09:56:16.854
tf,NFO,79517,,,,,231.35,40.64,,1745209577,,,,,,,,,,,,2025-04-21 09:56:17.595
tf,NFO,79517,,,,,232.80,41.52,,1745209578,,,,198.36,22818900,,,232.45,232.95,75,675,2025-04-21 09:56:18.508
tf,NFO,79517,,,,,232.65,41.43,,1745209578,,,,,,,,,,,,2025-04-21 09:56:18.589
tf,NFO,79517,,,,,231.65,40.82,,1745209579,,,,,,,,,,,,2025-04-21 09:56:19.591
tf,NFO,79517,,,,,232.10,41.09,,1745209580,,,,198.37,22826550,,,231.20,231.70,225,225,2025-04-21 09:56:20.063
tf,NFO,79517,,,,,231.25,40.58,,1745209580,,,,,,,,,,,,2025-04-21 09:56:20.589
tf,NFO,79517,,,,,229.60,39.57,,1745209581,,,,,,,,,,,,2025-04-21 09:56:21.592
tf,NFO,79517,,,,,229.50,39.51,,1745209582,,,,198.38,22836450,,,229.50,229.80,1350,675,2025-04-21 09:56:21.863
tf,NFO,79517,,,,,229.40,39.45,,1745209582,,,,,,,,,,,,2025-04-21 09:56:22.596
tf,NFO,79517,,,,,228.90,39.15,,1745209583,,,,198.39,22845300,,,228.50,228.90,75,750,2025-04-21 09:56:23.468
tf,NFO,79517,,,,,228.30,38.78,,1745209583,,,,,,,,,,,,2025-04-21 09:56:23.594
tf,NFO,79517,,,,,229.00,39.21,,1745209584,,,,,,,,,,,,2025-04-21 09:56:24.598
tf,NFO,79517,,,,,228.05,38.63,,1745209585,,,,198.40,22852200,,,227.60,228.15,,225,2025-04-21 09:56:25.154
tf,NFO,79517,,,,,228.00,38.60,,1745209585,,,,,,,,,,,,2025-04-21 09:56:25.637
tf,NFO,79517,,,,,227.30,38.18,,1745209586,,,,,,,,,,,,2025-04-21 09:56:26.595
tf,NFO,79517,,,,,227.80,38.48,,1745209587,,,,198.42,22863675,,,227.00,227.50,750,675,2025-04-21 09:56:26.871
tf,NFO,79517,,,,,225.80,37.26,,1745209587,,,,,,,,,,,,2025-04-21 09:56:27.595
tf,NFO,79517,,,,,224.30,36.35,,1745209588,,,,198.44,22883025,,,224.90,225.40,150,75,2025-04-21 09:56:28.478
tf,NFO,79517,,,,,225.45,37.05,,1745209588,,,,,,,,,,,,2025-04-21 09:56:28.603
tf,NFO,79517,,,,,226.65,37.78,,1745209589,,,,,,,,,,,,2025-04-21 09:56:29.597
tf,NFO,79517,,,,,227.00,37.99,,1745209590,,,,198.45,22892925,,,227.00,227.45,75,,2025-04-21 09:56:30.081
tf,NFO,79517,,,,,226.65,37.78,,1745209590,,,,,,,,,,,,2025-04-21 09:56:30.600
tf,NFO,79517,,,,,228.55,38.94,,1745209591,,,,,,,,,,,,2025-04-21 09:56:31.624
tf,NFO,79517,,,,,229.10,39.27,,1745209592,,,,198.46,22901475,,,228.60,228.95,,,2025-04-21 09:56:31.958
tf,NFO,79517,,,,,229.30,39.39,,1745209592,,,,,,,,,,,,2025-04-21 09:56:32.608
tf,NFO,79517,,,,,228.65,39.00,,1745209593,,,,198.47,22907100,,,228.95,229.45,150,225,2025-04-21 09:56:33.493
tf,NFO,79517,,,,,229.40,39.45,,1745209593,,,,,,,,,,,,2025-04-21 09:56:33.604
tf,NFO,79517,,,,,229.50,39.51,,1745209594,,,,,,,,,,,,2025-04-21 09:56:34.602
tf,NFO,79517,,,,,,,,1745209595,,,,198.48,22910400,,,229.60,230.05,450,300,2025-04-21 09:56:35.095
tf,NFO,79517,,,,,229.35,39.42,,1745209595,,,,,,,,,,,,2025-04-21 09:56:35.604
tf,NFO,79517,,,,,230.95,40.40,,1745209596,,,,,,,,,,,,2025-04-21 09:56:36.603
tf,NFO,79517,,,,,230.75,40.27,,1745209597,,,,,22916100,,,230.25,230.70,75,1500,2025-04-21 09:56:36.693
tf,NFO,79517,,,,,230.95,40.40,,1745209597,,,,,,,,,,,,2025-04-21 09:56:37.605
tf,NFO,79517,,,,,231.10,40.49,,1745209598,,,,198.49,22922325,,,230.75,231.15,150,225,2025-04-21 09:56:38.352
tf,NFO,79517,,,,,230.70,40.24,,1745209598,,,,,,,,,,,,2025-04-21 09:56:38.603
tf,NFO,79517,,,,,229.35,39.42,,1745209599,,,,,,,,,,,,2025-04-21 09:56:39.606
tf,NFO,79517,,,,,230.95,40.40,,1745209600,,,,198.50,22928250,,,230.55,231.00,,150,2025-04-21 09:56:40.092
tf,NFO,79517,,,,,230.80,40.30,,1745209600,,,,,,,,,,,,2025-04-21 09:56:40.607
tf,NFO,79517,,,,,230.95,40.40,,1745209601,,,,,,,,,,,,2025-04-21 09:56:41.605
tf,NFO,79517,,,,,,,,1745209602,,,,,22930950,,,230.45,230.95,,225,2025-04-21 09:56:41.698
tf,NFO,79517,,,,,230.65,40.21,,1745209602,,,,,,,,,,,,2025-04-21 09:56:42.610
tf,NFO,79517,,,,,230.75,40.27,,1745209603,,,,198.51,22936500,,,230.25,230.70,75,300,2025-04-21 09:56:43.301
tf,NFO,79517,,,,,229.95,39.79,,1745209603,,,,,,,,,,,,2025-04-21 09:56:43.609
tf,NFO,79517,,,,,231.65,40.82,,1745209604,,,,,,,,,,,,2025-04-21 09:56:44.611
tf,NFO,79517,,,,,231.70,40.85,,1745209605,,,,198.52,22944450,,,231.35,231.85,525,75,2025-04-21 09:56:45.110
tf,NFO,79517,,,,,231.65,40.82,,1745209605,,,,,,,,,,,,2025-04-21 09:56:45.696
tf,NFO,79517,,,,,231.45,40.70,,1745209606,,,,,,,,,,,,2025-04-21 09:56:46.702
tf,NFO,79517,,,,,,,,1745209607,,,,198.53,22949025,,,231.00,231.50,750,675,2025-04-21 09:56:46.735
tf,NFO,79517,,,,,231.60,40.79,,1745209607,,,,,,,,,,,,2025-04-21 09:56:47.753
tf,NFO,79517,,,,,231.35,40.64,,1745209608,,,,198.54,22953525,,,230.95,231.35,375,75,2025-04-21 09:56:48.407
tf,NFO,79517,,,,,230.95,40.40,,1745209608,,,,,,,,,,,,2025-04-21 09:56:48.609
tf,NFO,79517,,,,,228.90,39.15,,1745209609,,,,,,,,,,,,2025-04-21 09:56:49.614
tf,NFO,79517,,,,,229.50,39.51,,1745209610,,,,,22959825,,,228.60,229.15,300,450,2025-04-21 09:56:50.119
tf,NFO,79517,,,,,230.00,39.82,,1745209610,,,,,,,,,,,,2025-04-21 09:56:50.611
tf,NFO,79517,,,,,229.65,39.60,,1745209612,,,,198.55,22965150,,,229.65,230.15,525,,2025-04-21 09:56:52.291
tf,NFO,79517,,,,,230.50,40.12,,1745209612,,,,,,,,,,,,2025-04-21 09:56:52.673
tf,NFO,79517,,,,,230.25,39.97,,1745209613,,,,198.56,22970400,,,230.05,230.55,975,300,2025-04-21 09:56:53.328
tf,NFO,79517,,,,,230.05,39.85,,1745209613,,,,,,,,,,,,2025-04-21 09:56:53.614
tf,NFO,79517,,,,,230.00,39.82,,1745209614,,,,,,,,,,,,2025-04-21 09:56:54.615
tf,NFO,79517,,,,,230.05,39.85,,1745209615,,,,,22971975,,,230.30,230.80,300,150,2025-04-21 09:56:55.128
tf,NFO,79517,,,,,230.80,40.30,,1745209615,,,,,,,,,,,,2025-04-21 09:56:55.614
tf,NFO,79517,,,,,230.60,40.18,,1745209616,,,,,,,,,,,,2025-04-21 09:56:56.615
tf,NFO,79517,,,,,,,,1745209617,,,,198.58,22984725,,,230.60,231.10,375,600,2025-04-21 09:56:56.736
tf,NFO,79517,,,,,231.35,40.64,,1745209617,,,,,,,,,,,,2025-04-21 09:56:57.614
tf,NFO,79517,,,,,231.25,40.58,,1745209618,,,,,22986225,,,231.20,231.70,450,825,2025-04-21 09:56:58.416
tf,NFO,79517,,,,,231.00,40.43,,1745209618,,,,,,,,,,,,2025-04-21 09:56:58.638
tf,NFO,79517,,,,,230.85,40.33,,1745209619,,,,,,,,,,,,2025-04-21 09:56:59.617
tf,NFO,79517,,,,,231.90,40.97,,1745209620,,,,198.59,22993050,,,231.95,232.45,225,300,2025-04-21 09:57:00.137
tf,NFO,79517,,,,,232.65,41.43,,1745209620,,,,,,,,,,,,2025-04-21 09:57:00.616
tf,NFO,79517,,,,,232.40,41.28,,1745209621,,,,,,,,,,,,2025-04-21 09:57:01.622
tf,NFO,79517,,,,,232.70,41.46,,1745209622,,,,198.60,22998450,,,232.65,233.00,375,525,2025-04-21 09:57:01.739
tf,NFO,79517,,,,,232.90,41.58,,1745209622,,,,,,,,,,,,2025-04-21 09:57:02.626
tf,NFO,79517,,,,,232.95,41.61,,1745209623,,,,198.61,23002725,,,232.45,232.95,900,300,2025-04-21 09:57:03.339
tf,NFO,79517,,,,,232.90,41.58,,1745209623,,,,,,,,,,,,2025-04-21 09:57:03.622
tf,NFO,79517,,,,,232.30,41.22,,1745209624,,,,,,,,,,,,2025-04-21 09:57:04.721
tf,NFO,79517,,,,,231.75,40.88,,1745209625,,,,,23005575,,,231.65,232.20,150,1200,2025-04-21 09:57:05.160
tf,NFO,79517,,,,,232.50,41.34,,1745209625,,,,,,,,,,,,2025-04-21 09:57:05.745
tf,NFO,79517,,,,,232.30,41.22,,1745209626,,,,,,,,,,,,2025-04-21 09:57:06.625
tf,NFO,79517,,,,,,,,1745209627,,,,,23006625,,,232.20,232.25,375,75,2025-04-21 09:57:06.755
tf,NFO,79517,,,,,231.40,40.67,,1745209627,,,,,,,,,,,,2025-04-21 09:57:07.627
tf,NFO,79517,,,,,231.00,40.43,,1745209628,,,,,23009175,,,230.85,231.15,75,300,2025-04-21 09:57:08.343
tf,NFO,79517,,,,,231.10,40.49,,1745209628,,,,,,,,,,,,2025-04-21 09:57:08.628
tf,NFO,79517,,,,,232.50,41.34,,1745209629,,,,,,,,,,,,2025-04-21 09:57:09.625
tf,NFO,79517,,,,,232.20,41.16,,1745209630,,,,198.62,23016075,,,232.25,232.60,,,2025-04-21 09:57:10.179
tf,NFO,79517,,,,,232.60,41.40,,1745209630,,,,,,,,,,,,2025-04-21 09:57:10.626
tf,NFO,79517,,,,,232.50,41.34,,1745209631,,,,,,,,,,,,2025-04-21 09:57:11.651
tf,NFO,79517,,,,,233.05,41.67,,1745209632,,,,198.64,23022975,,,232.65,233.20,825,600,2025-04-21 09:57:11.880
tf,NFO,79517,,,,,233.00,41.64,,1745209632,,,,,,,,,,,,2025-04-21 09:57:12.748
tf,NFO,79517,,,,,232.60,41.40,,1745209633,,,,,23027475,,,232.05,232.55,375,300,2025-04-21 09:57:13.356
tf,NFO,79517,,,,,233.30,41.82,,1745209634,,,,,,,,,,,,2025-04-21 09:57:14.629
tf,NFO,79517,,,,,234.10,42.31,,1745209635,,,,198.65,23033550,,,234.20,234.70,,,2025-04-21 09:57:15.156
tf,NFO,79517,,,,,233.65,42.04,,1745209635,,,,,,,,,,,,2025-04-21 09:57:15.630
tf,NFO,79517,,,,,232.40,41.28,,1745209636,,,,,,,,,,,,2025-04-21 09:57:16.626
tf,NFO,79517,,,,,232.75,41.49,,1745209637,,,,198.66,23040225,,,232.45,232.95,,,2025-04-21 09:57:16.758
tf,NFO,79517,,,,,232.90,41.58,,1745209637,,,,,,,,,,,,2025-04-21 09:57:17.651
tf,NFO,79517,,,,,232.95,41.61,,1745209638,,,,,23042850,,,232.35,232.85,450,600,2025-04-21 09:57:18.471
tf,NFO,79517,,,,,233.00,41.64,,1745209638,,,,,,,,,,,,2025-04-21 09:57:18.677
tf,NFO,79517,,,,,232.65,41.43,,1745209639,,,,,,,,,,,,2025-04-21 09:57:19.675
tf,NFO,79517,,,,,232.75,41.49,,1745209640,,,,198.68,23051175,,,232.60,232.95,1200,75,2025-04-21 09:57:20.161
tf,NFO,79517,,,,,232.65,41.43,,1745209640,,,,,,,,,,,,2025-04-21 09:57:20.701
tf,NFO,79517,,,,,233.25,41.79,,1745209641,,,,,,,,,,,,2025-04-21 09:57:21.639
tf,NFO,79517,,,,,,,,1745209642,,,,198.69,23056500,,,232.55,233.05,375,300,2025-04-21 09:57:21.764
tf,NFO,79517,,,,,233.75,42.10,,1745209642,,,,,,,,,,,,2025-04-21 09:57:22.658
tf,NFO,79517,,,,,232.80,41.52,,1745209643,,,,,23059575,,,233.00,233.50,225,825,2025-04-21 09:57:23.378
tf,NFO,79517,,,,,233.70,42.07,,1745209643,,,,,,,,,,,,2025-04-21 09:57:23.635
tf,NFO,79517,,,,,233.00,41.64,,1745209645,,,,198.71,23071800,,,232.95,233.30,75,150,2025-04-21 09:57:25.193
tf,NFO,79517,,,,,232.75,41.49,,1745209645,,,,,,,,,,,,2025-04-21 09:57:25.654
tf,NFO,79517,,,,,233.90,42.19,,1745209646,,,,,,,,,,,,2025-04-21 09:57:26.637
tf,NFO,79517,,,,,233.80,42.13,,1745209647,,,,198.72,23078325,,,233.75,234.25,225,375,2025-04-21 09:57:26.774
tf,NFO,79517,,,,,233.90,42.19,,1745209647,,,,,,,,,,,,2025-04-21 09:57:27.642
tf,NFO,79517,,,,,233.65,42.04,,1745209648,,,,,23079975,,,,234.15,150,75,2025-04-21 09:57:28.378
tf,NFO,79517,,,,,233.45,41.91,,1745209648,,,,,,,,,,,,2025-04-21 09:57:28.642
tf,NFO,79517,,,,,233.70,42.07,,1745209650,,,,,,,,,,,,2025-04-21 09:57:29.642
tf,NFO,79517,,,,,233.75,42.10,,1745209650,,,,198.73,23086650,,,233.45,233.95,300,450,2025-04-21 09:57:30.180
tf,NFO,79517,,,,,233.30,41.82,,1745209651,,,,,,,,,,,,2025-04-21 09:57:30.644
tf,NFO,79517,,,,,233.45,41.91,,1745209652,,,,,,,,,,,,2025-04-21 09:57:31.726
tf,NFO,79517,,,,,233.10,41.70,,1745209652,,,,,23088900,,,233.40,233.75,1050,975,2025-04-21 09:57:31.803
tf,NFO,79517,,,,,233.60,42.01,,1745209653,,,,,,,,,,,,2025-04-21 09:57:32.650
tf,NFO,79517,,,,,233.00,41.64,,1745209653,,,,198.75,23096325,,,232.70,233.15,450,150,2025-04-21 09:57:33.379
tf,NFO,79517,,,,,232.35,41.25,,1745209654,,,,,,,,,,,,2025-04-21 09:57:33.641
tf,NFO,79517,,,,,232.80,41.52,,1745209655,,,,,,,,,,,,2025-04-21 09:57:34.645
tf,NFO,79517,,,,,233.45,41.91,,1745209655,,,,198.76,23103300,,,233.05,233.55,300,450,2025-04-21 09:57:35.188
tf,NFO,79517,,,,,233.30,41.82,,1745209656,,,,,,,,,,,,2025-04-21 09:57:35.642
tf,NFO,79517,,,,,233.10,41.70,,1745209657,,,,,,,,,,,,2025-04-21 09:57:36.654
tf,NFO,79517,,,,,,,,1745209657,,,,198.77,23110050,,,233.20,233.45,675,75,2025-04-21 09:57:36.789
tf,NFO,79517,,,,,234.10,42.31,,1745209658,,,,,,,,,,,,2025-04-21 09:57:37.641
tf,NFO,79517,,,,,233.70,42.07,,1745209658,,,,198.78,23117850,,,233.55,233.90,75,300,2025-04-21 09:57:38.385
tf,NFO,79517,,,,,233.90,42.19,,1745209659,,,,,,,,,,,,2025-04-21 09:57:38.640
tf,NFO,79517,,,,,234.25,42.40,,1745209660,,,,,,3153900,,,,,,2025-04-21 09:57:39.642
tf,NFO,79517,,,,,233.80,42.13,,1745209660,,,,198.79,23123400,,,233.40,,225,675,2025-04-21 09:57:40.194
tf,NFO,79517,,,,,233.50,41.95,,1745209661,,,,,,,,,,,,2025-04-21 09:57:40.644
tf,NFO,79517,,,,,233.90,42.19,,1745209662,,,,,,,,,,,,2025-04-21 09:57:41.649
tf,NFO,79517,,,,,,,,1745209662,,,,,23128125,,,233.80,234.00,900,75,2025-04-21 09:57:41.797
tf,NFO,79517,,,,,234.70,42.67,,1745209663,,,,,,,,,,,,2025-04-21 09:57:42.643
tf,NFO,79517,,,,,234.95,42.83,,1745209663,,,,198.86,23173725,,,234.95,235.20,150,225,2025-04-21 09:57:43.396
tf,NFO,79517,,,,,235.25,43.01,,1745209664,,,,,,,,,,,,2025-04-21 09:57:43.650
tf,NFO,79517,,,,,235.70,43.28,,1745209665,,,,,,,,,,,,2025-04-21 09:57:44.693
tf,NFO,79517,,,,,236.00,43.47,,1745209665,,,,198.88,23180925,,,235.50,235.85,375,75,2025-04-21 09:57:45.198
tf,NFO,79517,,,,,235.00,42.86,,1745209666,,,,,,,,,,,,2025-04-21 09:57:45.690
tf,NFO,79517,,,,,237.10,44.13,,1745209667,,,,,,,,,,,,2025-04-21 09:57:46.656
tf,NFO,79517,,,,,237.60,44.44,,1745209667,,,,198.89,23192250,,,237.25,237.70,150,,2025-04-21 09:57:46.797
tf,NFO,79517,,,,,236.25,43.62,,1745209668,,,,,,,,,,,,2025-04-21 09:57:47.650
tf,NFO,79517,,,,,234.90,42.80,,1745209668,,,,198.91,23203050,,,234.60,235.05,75,150,2025-04-21 09:57:48.401
tf,NFO,79517,,,,,233.35,41.85,,1745209669,,,,,,,,,,,,2025-04-21 09:57:48.647
tf,NFO,79517,,,,,232.50,41.34,,1745209670,,,,,,,,,,,,2025-04-21 09:57:49.653
tf,NFO,79517,,,,,232.80,41.52,,1745209670,,,,198.93,23214000,,,232.50,233.05,600,375,2025-04-21 09:57:50.204
tf,NFO,79517,,,,,233.20,41.76,,1745209671,,,,,,,,,,,,2025-04-21 09:57:50.650
tf,NFO,79517,,,,,232.20,41.16,,1745209672,,,,,,,,,,,,2025-04-21 09:57:51.677
tf,NFO,79517,,,,,232.10,41.09,,1745209672,,,,198.94,23221950,,,231.55,232.05,300,,2025-04-21 09:57:51.870
tf,NFO,79517,,,,,232.50,41.34,,1745209673,,,,,,,,,,,,2025-04-21 09:57:52.704
tf,NFO,79517,,,,,230.70,40.24,,1745209673,,,,198.95,23230125,,,230.70,231.20,,600,2025-04-21 09:57:53.500
tf,NFO,79517,,,,,230.75,40.27,,1745209674,,,,,,,,,,,,2025-04-21 09:57:53.898
tf,NFO,79517,,,,,231.25,40.58,,1745209675,,,,,,,,,,,,2025-04-21 09:57:54.815
tf,NFO,79517,,,,,231.15,40.52,,1745209675,,,,198.96,23233575,,,230.75,231.25,525,450,2025-04-21 09:57:55.220
tf,NFO,79517,,,,,231.00,40.43,,1745209676,,,,,,,,,,,,2025-04-21 09:57:55.648
tf,NFO,79517,,,,,230.20,39.94,,1745209677,,,,,,,,,,,,2025-04-21 09:57:56.655
tf,NFO,79517,,,,,229.90,39.76,,1745209677,,,,,23238525,,,229.65,230.20,450,750,2025-04-21 09:57:56.815
tf,NFO,79517,,,,,228.50,38.91,,1745209678,,,,,,,,,,,,2025-04-21 09:57:57.650
tf,NFO,79517,,,,,228.95,39.18,,1745209678,,,,198.97,23244525,,,228.50,228.95,225,525,2025-04-21 09:57:58.448
tf,NFO,79517,,,,,228.55,38.94,,1745209679,,,,,,,,,,,,2025-04-21 09:57:58.675
tf,NFO,79517,,,,,231.95,41.00,,1745209680,,,,,,,,,,,,2025-04-21 09:57:59.653
tf,NFO,79517,,,,,232.10,41.09,,1745209680,,,,198.98,23250525,,,231.55,232.00,675,75,2025-04-21 09:58:00.219
tf,NFO,79517,,,,,231.75,40.88,,1745209681,,,,,,,,,,,,2025-04-21 09:58:00.655
tf,NFO,79517,,,,,232.20,41.16,,1745209682,,,,,,,,,,,,2025-04-21 09:58:01.680
tf,NFO,79517,,,,,232.60,41.40,,1745209682,,,,198.99,23255475,,,232.10,232.60,525,150,2025-04-21 09:58:01.821
tf,NFO,79517,,,,,231.55,40.76,,1745209683,,,,,,,,,,,,2025-04-21 09:58:02.671
tf,NFO,79517,,,,,232.25,41.19,,1745209683,,,,,23258925,,,231.95,232.45,150,525,2025-04-21 09:58:03.426
tf,NFO,79517,,,,,232.45,41.31,,1745209684,,,,,,,,,,,,2025-04-21 09:58:03.658
tf,NFO,79517,,,,,233.30,41.82,,1745209685,,,,,,,,,,,,2025-04-21 09:58:04.730
tf,NFO,79517,,,,,232.10,41.09,,1745209685,,,,,23261550,,,232.00,232.40,300,375,2025-04-21 09:58:05.248
tf,NFO,79517,,,,,232.15,41.12,,1745209686,,,,,,,,,,,,2025-04-21 09:58:05.859
tf,NFO,79517,,,,,232.00,41.03,,1745209687,,,,,,,,,,,,2025-04-21 09:58:06.659
tf,NFO,79517,,,,,,,,1745209687,,,,199.00,23263725,,,231.95,232.10,150,75,2025-04-21 09:58:06.829
tf,NFO,79517,,,,,232.60,41.40,,1745209688,,,,,,,,,,,,2025-04-21 09:58:07.657
tf,NFO,79517,,,,,233.00,41.64,,1745209688,,,,,23267100,,,233.30,233.75,525,525,2025-04-21 09:58:08.432
tf,NFO,79517,,,,,233.75,42.10,,1745209689,,,,,,,,,,,,2025-04-21 09:58:08.670
tf,NFO,79517,,,,,234.80,42.74,,1745209690,,,,,,,,,,,,2025-04-21 09:58:09.660
tf,NFO,79517,,,,,234.00,42.25,,1745209690,,,,199.01,23271075,,,233.95,234.50,150,,2025-04-21 09:58:10.240
tf,NFO,79517,,,,,235.00,42.86,,1745209691,,,,,,,,,,,,2025-04-21 09:58:10.658
tf,NFO,79517,,,,,236.25,43.62,,1745209692,,,,,,,,,,,,2025-04-21 09:58:11.801
tf,NFO,79517,,,,,235.80,43.34,,1745209692,,,,,23274675,,,235.50,236.00,1575,300,2025-04-21 09:58:11.946
tf,NFO,79517,,,,,236.25,43.62,,1745209693,,,,,,,,,,,,2025-04-21 09:58:12.659
tf,NFO,79517,,,,,234.75,42.71,,1745209693,,,,199.03,23283150,,,234.95,235.45,450,450,2025-04-21 09:58:13.458
tf,NFO,79517,,,,,235.00,42.86,,1745209694,,,,,,,,,,,,2025-04-21 09:58:13.682
tf,NFO,79517,,,,,235.40,43.10,,1745209695,,,,,,,,,,,,2025-04-21 09:58:14.687
tf,NFO,79517,,,,,235.35,43.07,,1745209695,,,,,23285475,,,235.50,235.95,225,300,2025-04-21 09:58:15.243
tf,NFO,79517,,,,,235.95,43.43,,1745209696,,,,,,,,,,,,2025-04-21 09:58:15.663
tf,NFO,79517,,,,,235.25,43.01,,1745209697,,,,,,,,,,,,2025-04-21 09:58:16.664
tf,NFO,79517,,,,,,,,1745209697,,,,199.04,23288025,,,235.45,235.80,75,450,2025-04-21 09:58:16.845
tf,NFO,79517,,,,,235.10,42.92,,1745209698,,,,,,,,,,,,2025-04-21 09:58:18.337
tf,NFO,79517,,,,,234.65,42.64,,1745209698,,,,,23291250,,,234.75,235.25,750,525,2025-04-21 09:58:18.471
tf,NFO,79517,,,,,234.85,42.77,,1745209699,,,,,,,,,,,,2025-04-21 09:58:18.736
tf,NFO,79517,,,,,234.45,42.52,,1745209700,,,,,,,,,,,,2025-04-21 09:58:19.667
tf,NFO,79517,,,,,234.50,42.55,,1745209700,,,,199.05,23294475,,,234.70,235.00,300,1875,2025-04-21 09:58:20.249
tf,NFO,79517,,,,,234.70,42.67,,1745209701,,,,,,,,,,,,2025-04-21 09:58:20.671
tf,NFO,79517,,,,,234.10,42.31,,1745209702,,,,,,,,,,,,2025-04-21 09:58:21.669
tf,NFO,79517,,,,,234.60,42.61,,1745209702,,,,,23298675,,,234.60,235.10,600,825,2025-04-21 09:58:21.855
tf,NFO,79517,,,,,233.80,42.13,,1745209703,,,,,,,,,,,,2025-04-21 09:58:22.672
tf,NFO,79517,,,,,234.00,42.25,,1745209703,,,,199.06,23301600,,,233.80,234.30,375,750,2025-04-21 09:58:23.474
tf,NFO,79517,,,,,233.70,42.07,,1745209704,,,,,,,,,,,,2025-04-21 09:58:23.690
tf,NFO,79517,,,,,234.75,42.71,,1745209705,,,,,,,,,,,,2025-04-21 09:58:24.724
