t,e,tk,ts,pp,ls,ti,lp,pc,c,ft,o,h,l,ap,v,oi,poi,bp1,sp1,bq1,sq1,received_timestamp
tk,NFO,79635,NIFTY24APR25P24350,2,75,0.05,394.90,-26.05,534.00,1745209403,454.15,507.45,376.10,439.04,38775,21750,13050,391.85,394.15,300,150,2025-04-21 09:53:24.050
tf,NFO,79635,,,,,,,,1745209404,,,,,,,,392.85,395.50,450,,2025-04-21 09:53:24.405
tf,NFO,79635,,,,,,,,1745209406,,,,,,,,395.35,397.95,225,75,2025-04-21 09:53:26.046
tf,NFO,79635,,,,,,,,1745209408,,,,,,,,396.05,398.70,450,,2025-04-21 09:53:27.829
tf,NFO,79635,,,,,,,,1745209409,,,,,,,,397.35,399.60,150,300,2025-04-21 09:53:29.579
tf,NFO,79635,,,,,,,,1745209411,,,,,,,,396.30,398.95,225,150,2025-04-21 09:53:31.016
tf,NFO,79635,,,,,,,,1745209413,,,,,,,,397.05,399.55,375,,2025-04-21 09:53:32.816
tf,NFO,79635,,,,,,,,1745209414,,,,,,,,396.25,399.10,150,225,2025-04-21 09:53:34.422
tf,NFO,79635,,,,,,,,1745209416,,,,,,,,396.55,398.85,,150,2025-04-21 09:53:36.027
tf,NFO,79635,,,,,,,,1745209417,,,,,,,,395.90,398.15,225,,2025-04-21 09:53:37.626
tf,NFO,79635,,,,,,,,1745209419,,,,,,,,394.80,397.10,,,2025-04-21 09:53:39.535
tf,NFO,79635,,,,,,,,1745209421,,,,,,,,391.80,394.60,150,225,2025-04-21 09:53:41.030
tf,NFO,79635,,,,,,,,1745209423,,,,,,,,392.80,394.80,,75,2025-04-21 09:53:42.643
tf,NFO,79635,,,,,,,,1745209424,,,,,,,,393.75,396.35,,150,2025-04-21 09:53:44.435
tf,NFO,79635,,,,,,,,1745209426,,,,,,,,395.15,397.70,,,2025-04-21 09:53:46.088
tf,NFO,79635,,,,,,,,1745209428,,,,,,,,394.25,396.65,,,2025-04-21 09:53:47.641
tf,NFO,79635,,,,,,,,1745209429,,,,,,,,393.90,396.15,225,,2025-04-21 09:53:49.448
tf,NFO,79635,,,,,,,,1745209431,,,,,,,,394.40,396.75,,225,2025-04-21 09:53:51.048
tf,NFO,79635,,,,,,,,1745209433,,,,,,,,394.00,396.35,,150,2025-04-21 09:53:52.650
tf,NFO,79635,,,,,,,,1745209434,,,,,,,,394.30,396.55,300,225,2025-04-21 09:53:54.510
tf,NFO,79635,,,,,,,,1745209436,,,,,,,,393.65,396.20,150,,2025-04-21 09:53:56.054
tf,NFO,79635,,,,,,,,1745209438,,,,,,,,395.45,398.55,225,150,2025-04-21 09:53:57.657
tf,NFO,79635,,,,,,,,1745209439,,,,,,,,393.25,395.35,300,,2025-04-21 09:53:59.599
tf,NFO,79635,,,,,,,,1745209441,,,,,,,,394.55,395.85,150,225,2025-04-21 09:54:01.059
tf,NFO,79635,,,,,,,,1745209443,,,,,,,,392.85,394.20,375,300,2025-04-21 09:54:02.663
tf,NFO,79635,,,,,,,,1745209444,,,,,,,,393.75,395.05,225,375,2025-04-21 09:54:04.465
tf,NFO,79635,,,,,,,,1745209446,,,,,,,,396.15,397.50,450,450,2025-04-21 09:54:06.070
tf,NFO,79635,,,,,,,,1745209448,,,,,,,,393.40,394.65,75,,2025-04-21 09:54:07.676
tf,NFO,79635,,,,,,,,1745209449,,,,,,,,393.90,395.25,225,225,2025-04-21 09:54:09.472
tf,NFO,79635,,,,,,,,1745209451,,,,,,,,394.80,396.15,450,600,2025-04-21 09:54:11.079
tf,NFO,79635,,,,,,,,1745209453,,,,,,,,395.10,396.40,225,75,2025-04-21 09:54:12.926
tf,NFO,79635,,,,,,,,1745209454,,,,,,,,395.90,397.20,,225,2025-04-21 09:54:14.488
tf,NFO,79635,,,,,,,,1745209456,,,,,,,,393.30,394.80,75,450,2025-04-21 09:54:16.129
tf,NFO,79635,,,,,,,,1745209458,,,,,,,,393.05,394.40,225,75,2025-04-21 09:54:17.734
tf,NFO,79635,,,,,,,,1745209459,,,,,,,,391.30,392.50,75,225,2025-04-21 09:54:19.374
tf,NFO,79635,,,,,,,,1745209461,,,,,,,,390.10,391.35,150,150,2025-04-21 09:54:21.134
tf,NFO,79635,,,,,390.90,-26.80,,1745209461,,,,,,,,,,,,2025-04-21 09:54:21.381
tf,NFO,79635,,,,,,,,1745209463,,,,438.86,38925,,,390.15,391.05,,,2025-04-21 09:54:22.710
tf,NFO,79635,,,,,,,,1745209464,,,,,,,,388.85,390.20,225,450,2025-04-21 09:54:24.297
tf,NFO,79635,,,,,,,,1745209466,,,,,,,,389.80,390.70,150,375,2025-04-21 09:54:26.199
tf,NFO,79635,,,,,,,,1745209468,,,,,,,,390.05,391.30,450,150,2025-04-21 09:54:27.704
tf,NFO,79635,,,,,,,,1745209469,,,,,,,,388.70,389.95,375,,2025-04-21 09:54:29.306
tf,NFO,79635,,,,,,,,1745209471,,,,,,,,389.15,391.00,225,,2025-04-21 09:54:31.104
tf,NFO,79635,,,,,,,,1745209473,,,,,,,,390.10,391.40,150,75,2025-04-21 09:54:32.810
tf,NFO,79635,,,,,,,,1745209474,,,,,,,,388.95,390.25,,150,2025-04-21 09:54:34.388
tf,NFO,79635,,,,,,,,1745209476,,,,,,,,389.80,391.00,,,2025-04-21 09:54:36.114
tf,NFO,79635,,,,,,,,1745209477,,,,,,,,388.85,390.10,,,2025-04-21 09:54:37.519
tf,NFO,79635,,,,,,,,1745209479,,,,438.77,39000,,,,389.95,75,,2025-04-21 09:54:39.346
tf,NFO,79635,,,,,,,,1745209481,,,,,,,,387.65,388.95,150,375,2025-04-21 09:54:40.924
tf,NFO,79635,,,,,,,,1745209482,,,,,,,,387.05,388.35,,600,2025-04-21 09:54:42.521
tf,NFO,79635,,,,,,,,1745209484,,,,,,,,388.05,389.20,,225,2025-04-21 09:54:44.325
tf,NFO,79635,,,,,,,,1745209486,,,,,,,,387.35,388.50,,375,2025-04-21 09:54:45.924
tf,NFO,79635,,,,,,,,1745209487,,,,,,,,387.65,388.90,,150,2025-04-21 09:54:47.578
tf,NFO,79635,,,,,,,,1745209489,,,,,,,,387.05,388.20,,225,2025-04-21 09:54:49.328
tf,NFO,79635,,,,,,,,1745209491,,,,,,,,387.35,388.50,,150,2025-04-21 09:54:50.931
tf,NFO,79635,,,,,,,,1745209492,,,,,,,,386.30,387.55,225,,2025-04-21 09:54:52.538
tf,NFO,79635,,,,,,,,1745209494,,,,,,,,385.05,386.20,150,75,2025-04-21 09:54:54.336
tf,NFO,79635,,,,,386.50,-27.62,,1745209495,,,,,,,,,,,,2025-04-21 09:54:55.432
tf,NFO,79635,,,,,,,,1745209496,,,,438.67,39075,,,386.30,388.45,300,,2025-04-21 09:54:55.942
tf,NFO,79635,,,,,385.25,-27.86,,1745209496,,,,,,,,,,,,2025-04-21 09:54:56.432
tf,NFO,79635,,,,,,,,1745209497,,,,438.56,39150,,,386.45,387.50,150,,2025-04-21 09:54:57.637
tf,NFO,79635,,,,,,,,1745209499,,,,,,,,383.95,385.60,225,,2025-04-21 09:54:59.444
tf,NFO,79635,,,,,,,,1745209501,,,,,,,,385.10,386.35,150,375,2025-04-21 09:55:00.950
tf,NFO,79635,,,,,,,,1745209502,,,,,,,,387.95,389.60,225,75,2025-04-21 09:55:02.552
tf,NFO,79635,,,,,,,,1745209504,,,,,,,,385.55,386.80,150,,2025-04-21 09:55:04.350
tf,NFO,79635,,,,,,,,1745209506,,,,,,,,384.35,385.75,,150,2025-04-21 09:55:05.959
tf,NFO,79635,,,,,,,,1745209507,,,,,,,,383.50,384.85,225,,2025-04-21 09:55:07.591
tf,NFO,79635,,,,,,,,1745209509,,,,,,,,382.70,383.95,150,75,2025-04-21 09:55:09.360
tf,NFO,79635,,,,,,,,1745209511,,,,,,,,381.65,382.75,,,2025-04-21 09:55:10.964
tf,NFO,79635,,,,,,,,1745209512,,,,,,,,380.55,382.00,375,150,2025-04-21 09:55:12.697
tf,NFO,79635,,,,,,,,1745209514,,,,,,,,380.05,382.20,225,525,2025-04-21 09:55:14.365
tf,NFO,79635,,,,,,,,1745209516,,,,,,,,376.70,378.25,300,75,2025-04-21 09:55:15.977
tf,NFO,79635,,,,,373.05,-30.14,,1745209517,,,,,,,,,,,,2025-04-21 09:55:16.841
tf,NFO,79635,,,,,367.20,-31.24,,1745209517,,,367.10,432.71,43050,,,366.40,367.60,150,225,2025-04-21 09:55:17.575
tf,NFO,79635,,,,,364.90,-31.67,,1745209519,,,364.90,432.59,43125,,,365.00,366.40,,150,2025-04-21 09:55:19.455
tf,NFO,79635,,,,,,,,1745209521,,,,,,,,364.00,365.35,75,,2025-04-21 09:55:20.979
tf,NFO,79635,,,,,,,,1745209522,,,,,,,,363.50,365.00,150,75,2025-04-21 09:55:22.582
tf,NFO,79635,,,,,,,,1745209524,,,,,,,,364.55,366.10,75,150,2025-04-21 09:55:24.183
tf,NFO,79635,,,,,,,,1745209526,,,,,,,,366.50,367.90,,,2025-04-21 09:55:26.044
tf,NFO,79635,,,,,365.70,-31.52,,1745209527,,,,,,,,,,,,2025-04-21 09:55:26.845
tf,NFO,79635,,,,,,,,1745209527,,,,432.13,43425,,,363.50,364.75,225,,2025-04-21 09:55:27.586
tf,NFO,79635,,,,,364.30,-31.78,,1745209529,,,364.30,432.01,43500,,,363.20,,150,,2025-04-21 09:55:29.190
tf,NFO,79635,,,,,365.55,-31.54,,1745209531,,,,,,,,,,,,2025-04-21 09:55:30.655
tf,NFO,79635,,,,,,,,1745209531,,,,431.44,43875,,,365.45,367.60,450,300,2025-04-21 09:55:30.797
tf,NFO,79635,,,,,,,,1745209532,,,,,,,,,366.85,150,150,2025-04-21 09:55:32.629
tf,NFO,79635,,,,,,,,1745209534,,,,,,,,365.60,367.00,375,,2025-04-21 09:55:34.196
tf,NFO,79635,,,,,,,,1745209536,,,,,,,,367.80,369.10,150,,2025-04-21 09:55:35.800
tf,NFO,79635,,,,,,,,1745209537,,,,,,,,365.90,367.20,,375,2025-04-21 09:55:37.205
tf,NFO,79635,,,,,,,,1745209539,,,,,,,,366.05,367.35,,,2025-04-21 09:55:39.129
tf,NFO,79635,,,,,,,,1745209540,,,,,,,,365.05,365.95,75,150,2025-04-21 09:55:40.609
tf,NFO,79635,,,,,,,,1745209542,,,,,,,,365.00,365.55,225,225,2025-04-21 09:55:42.212
tf,NFO,79635,,,,,365.00,-31.65,,1745209543,,,,,,,,,,,,2025-04-21 09:55:43.062
tf,NFO,79635,,,,,,,,1745209544,,,,431.10,44100,,,364.20,365.15,75,150,2025-04-21 09:55:44.024
tf,NFO,79635,,,,,,,,1745209545,,,,,,,,367.30,368.35,,,2025-04-21 09:55:45.650
tf,NFO,79635,,,,,,,,1745209547,,,,,,,,367.25,368.50,150,,2025-04-21 09:55:47.223
tf,NFO,79635,,,,,,,,1745209549,,,,,,,,365.25,366.45,300,,2025-04-21 09:55:49.021
tf,NFO,79635,,,,,,,,1745209550,,,,,,,,,366.70,,,2025-04-21 09:55:50.632
tf,NFO,79635,,,,,,,,1745209552,,,,,,,,365.60,,150,,2025-04-21 09:55:52.281
tf,NFO,79635,,,,,,,,1745209554,,,,,,,,369.20,370.60,,225,2025-04-21 09:55:54.028
tf,NFO,79635,,,,,369.15,-30.87,,1745209555,,,,,,,,,,,,2025-04-21 09:55:55.266
tf,NFO,79635,,,,,,,,1745209555,,,,430.68,44400,,,369.45,370.35,225,150,2025-04-21 09:55:55.658
tf,NFO,79635,,,,,,,,1745209557,,,,,,,,369.90,370.80,150,,2025-04-21 09:55:57.238
tf,NFO,79635,,,,,372.15,-30.31,,1745209558,,,,,,,,,,,,2025-04-21 09:55:58.380
tf,NFO,79635,,,,,,,,1745209559,,,,427.82,46650,,,373.70,375.40,,450,2025-04-21 09:55:59.042
tf,NFO,79635,,,,,,,,1745209561,,,,,,,,377.15,378.40,,150,2025-04-21 09:56:00.641
tf,NFO,79635,,,,,,,,1745209562,,,,,,,,375.65,376.95,,375,2025-04-21 09:56:02.244
tf,NFO,79635,,,,,,,,1745209564,,,,,,,,377.70,378.90,,,2025-04-21 09:56:04.084
tf,NFO,79635,,,,,,,,1745209566,,,,,,,,377.05,378.40,450,150,2025-04-21 09:56:05.780
tf,NFO,79635,,,,,,,,1745209567,,,,,,,,375.95,377.35,150,,2025-04-21 09:56:07.256
tf,NFO,79635,,,,,,,,1745209569,,,,,,,,375.05,376.45,375,,2025-04-21 09:56:09.052
tf,NFO,79635,,,,,,,,1745209571,,,,,,,,375.65,376.90,150,,2025-04-21 09:56:10.657
tf,NFO,79635,,,,,,,,1745209572,,,,,,,,375.25,376.45,,,2025-04-21 09:56:12.316
tf,NFO,79635,,,,,,,,1745209574,,,,,,,,375.10,376.15,,,2025-04-21 09:56:14.142
tf,NFO,79635,,,,,,,,1745209576,,,,,,,,373.75,375.10,,,2025-04-21 09:56:15.665
tf,NFO,79635,,,,,,,,1745209577,,,,,,,,374.60,376.00,225,,2025-04-21 09:56:17.268
tf,NFO,79635,,,,,,,,1745209579,,,,,,,,375.50,377.25,300,,2025-04-21 09:56:19.075
tf,NFO,79635,,,,,,,,1745209581,,,,,,,,375.95,377.20,150,375,2025-04-21 09:56:20.671
tf,NFO,79635,,,,,,,,1745209582,,,,,,,,377.95,379.15,,150,2025-04-21 09:56:22.275
tf,NFO,79635,,,,,,,,1745209584,,,,,,,,379.60,381.10,225,,2025-04-21 09:56:24.079
tf,NFO,79635,,,,,,,,1745209586,,,,,,,,379.85,,150,,2025-04-21 09:56:25.680
tf,NFO,79635,,,,,,,,1745209587,,,,,,,,380.90,383.25,300,,2025-04-21 09:56:27.285
tf,NFO,79635,,,,,,,,1745209589,,,,,,,,,382.30,150,375,2025-04-21 09:56:29.084
tf,NFO,79635,,,,,,,,1745209591,,,,,,,,379.70,380.95,225,150,2025-04-21 09:56:30.687
tf,NFO,79635,,,,,,,,1745209592,,,,,,,,376.85,378.40,150,,2025-04-21 09:56:32.365
tf,NFO,79635,,,,,,,,1745209594,,,,,,,,376.65,378.10,375,,2025-04-21 09:56:34.091
tf,NFO,79635,,,,,,,,1745209596,,,,,,,,377.15,378.60,300,225,2025-04-21 09:56:35.695
tf,NFO,79635,,,,,375.20,-29.74,,1745209597,,,,,,,,,,,,2025-04-21 09:56:36.894
tf,NFO,79635,,,,,,,,1745209597,,,,427.57,46875,,,375.20,376.10,150,150,2025-04-21 09:56:37.298
tf,NFO,79635,,,,,,,,1745209599,,,,,,,,376.15,377.20,225,,2025-04-21 09:56:39.163
tf,NFO,79635,,,,,,,,1745209601,,,,,,,,373.40,374.80,150,,2025-04-21 09:56:40.702
tf,NFO,79635,,,,,,,,1745209602,,,,,,,,374.30,375.85,375,,2025-04-21 09:56:42.307
tf,NFO,79635,,,,,,,,1745209604,,,,,,,,373.70,375.10,300,,2025-04-21 09:56:44.122
tf,NFO,79635,,,,,,,,1745209606,,,,,,,,372.95,374.35,,,2025-04-21 09:56:45.720
tf,NFO,79635,,,,,,,,1745209607,,,,,,,,,374.50,150,450,2025-04-21 09:56:47.341
tf,NFO,79635,,,,,,,,1745209609,,,,,,,,375.35,376.75,375,150,2025-04-21 09:56:49.115
tf,NFO,79635,,,,,,,,1745209611,,,,,,,,374.05,375.10,75,,2025-04-21 09:56:50.719
tf,NFO,79635,,,,,,,,1745209612,,,,,,,,374.75,376.15,150,375,2025-04-21 09:56:52.436
tf,NFO,79635,,,,,,,,1745209614,,,,,,,,374.60,376.00,225,150,2025-04-21 09:56:54.122
tf,NFO,79635,,,,,,,,1745209616,,,,,,,,372.60,373.75,150,,2025-04-21 09:56:55.728
tf,NFO,79635,,,,,,,,1745209617,,,,,,,,372.90,374.20,,375,2025-04-21 09:56:57.330
tf,NFO,79635,,,,,,,,1745209619,,,,,,,,373.10,375.10,375,75,2025-04-21 09:56:59.238
tf,NFO,79635,,,,,,,,1745209621,,,,,,,,371.45,372.85,150,150,2025-04-21 09:57:00.740
tf,NFO,79635,,,,,,,,1745209622,,,,,,,,371.35,,,,2025-04-21 09:57:02.336
tf,NFO,79635,,,,,,,,1745209624,,,,,,,,371.40,372.70,525,,2025-04-21 09:57:03.959
tf,NFO,79635,,,,,,,,1745209626,,,,,,,,372.15,373.60,225,,2025-04-21 09:57:05.794
tf,NFO,79635,,,,,,,,1745209627,,,,,,,,372.30,373.80,375,375,2025-04-21 09:57:07.343
tf,NFO,79635,,,,,,,,1745209629,,,,,,,,372.85,374.20,150,150,2025-04-21 09:57:08.948
tf,NFO,79635,,,,,,,,1745209631,,,,,,,,370.85,372.30,,375,2025-04-21 09:57:10.755
tf,NFO,79635,,,,,,,,1745209632,,,,,,,,370.55,371.80,,150,2025-04-21 09:57:12.351
tf,NFO,79635,,,,,371.50,-30.43,,1745209633,,,,,,,,,,,,2025-04-21 09:57:12.757
tf,NFO,79635,,,,,,,,1745209634,,,,427.48,46950,,,369.75,371.65,300,,2025-04-21 09:57:13.961
tf,NFO,79635,,,,,,,,1745209636,,,,,,,,369.50,370.95,150,,2025-04-21 09:57:15.762
tf,NFO,79635,,,,,,,,1745209637,,,,,,,,370.70,372.00,,375,2025-04-21 09:57:17.360
tf,NFO,79635,,,,,,,,1745209639,,,,,,,,371.30,372.40,,150,2025-04-21 09:57:19.064
tf,NFO,79635,,,,,,,,1745209641,,,,,,,,370.40,371.50,,,2025-04-21 09:57:20.764
tf,NFO,79635,,,,,,,,1745209642,,,,,,,,369.80,371.25,300,375,2025-04-21 09:57:22.373
tf,NFO,79635,,,,,371.05,-30.51,,1745209642,,,,,,,,,,,,2025-04-21 09:57:22.527
tf,NFO,79635,,,,,,,,1745209644,,,,427.39,47025,,,369.95,370.80,150,,2025-04-21 09:57:23.995
tf,NFO,79635,,,,,,,,1745209646,,,,,,,,371.00,372.20,,150,2025-04-21 09:57:25.843
tf,NFO,79635,,,,,,,,1745209647,,,,,,,,368.85,370.05,225,225,2025-04-21 09:57:27.374
tf,NFO,79635,,,,,,,,1745209649,,,,,,,,368.95,370.30,,150,2025-04-21 09:57:28.981
tf,NFO,79635,,,,,,,,1745209651,,,,,,,,369.20,370.45,150,75,2025-04-21 09:57:30.782
tf,NFO,79635,,,,,,,,1745209652,,,,,,,,369.35,370.60,,,2025-04-21 09:57:32.386
tf,NFO,79635,,,,,,,,1745209654,,,,,,,,369.95,371.05,,,2025-04-21 09:57:33.985
tf,NFO,79635,,,,,,,,1745209656,,,,,,,,369.50,370.75,,,2025-04-21 09:57:35.784
tf,NFO,79635,,,,,,,,1745209657,,,,,,,,370.55,371.50,,225,2025-04-21 09:57:37.188
tf,NFO,79635,,,,,,,,1745209659,,,,,,,,368.60,369.70,,150,2025-04-21 09:57:38.967
tf,NFO,79635,,,,,,,,1745209660,,,,,,,,368.90,370.15,,,2025-04-21 09:57:40.594
tf,NFO,79635,,,,,,,,1745209662,,,,,,,,368.30,369.40,,75,2025-04-21 09:57:42.198
tf,NFO,79635,,,,,,,,1745209664,,,,,,,,367.85,369.10,375,,2025-04-21 09:57:43.798
tf,NFO,79635,,,,,,,,1745209665,,,,,,,,368.00,,150,,2025-04-21 09:57:45.687
tf,NFO,79635,,,,,,,,1745209667,,,,,,,,365.90,367.15,375,,2025-04-21 09:57:47.203
tf,NFO,79635,,,,,,,,1745209669,,,,,,,,370.25,371.45,150,,2025-04-21 09:57:48.809
tf,NFO,79635,,,,,371.50,-30.43,,1745209669,,,,,,22650,,,,,,2025-04-21 09:57:49.138
tf,NFO,79635,,,,,,,,1745209670,,,,427.12,47250,,,371.25,372.45,225,525,2025-04-21 09:57:50.613
tf,NFO,79635,,,,,,,,1745209672,,,,,,,,372.50,373.60,150,75,2025-04-21 09:57:52.273
tf,NFO,79635,,,,,,,,1745209674,,,,,,,,374.45,375.70,375,,2025-04-21 09:57:53.945
tf,NFO,79635,,,,,,,,1745209675,,,,,,,,374.00,375.10,150,375,2025-04-21 09:57:55.417
tf,NFO,79635,,,,,373.85,-29.99,,1745209676,,,,,,,,,,,,2025-04-21 09:57:56.552
tf,NFO,79635,,,,,375.45,-29.69,,1745209677,,,,426.87,47475,,,375.35,376.25,225,150,2025-04-21 09:57:57.220
tf,NFO,79635,,,,,,,,1745209679,,,,,,,,376.40,377.25,75,,2025-04-21 09:57:58.831
tf,NFO,79635,,,,,374.95,-29.78,,1745209679,,,,,,,,,,,,2025-04-21 09:57:59.554
tf,NFO,79635,,,,,,,,1745209680,,,,426.79,47550,,,372.15,373.20,225,,2025-04-21 09:58:00.430
tf,NFO,79635,,,,,,,,1745209682,,,,,,,,372.25,373.40,450,225,2025-04-21 09:58:02.225
tf,NFO,79635,,,,,373.00,-30.15,,1745209683,,,,,,,,,,,,2025-04-21 09:58:02.942
tf,NFO,79635,,,,,,,,1745209684,,,,426.62,47700,,,371.30,372.20,150,150,2025-04-21 09:58:03.848
tf,NFO,79635,,,,,,,,1745209685,,,,,,,,371.85,372.70,,,2025-04-21 09:58:05.850
tf,NFO,79635,,,,,,,,1745209687,,,,,,,,371.15,372.30,,375,2025-04-21 09:58:07.059
tf,NFO,79635,,,,,,,,1745209689,,,,,,,,369.75,370.90,375,150,2025-04-21 09:58:08.834
tf,NFO,79635,,,,,,,,1745209690,,,,,,,,368.95,370.20,,375,2025-04-21 09:58:10.452
tf,NFO,79635,,,,,,,,1745209692,,,,,,,,367.40,368.50,150,150,2025-04-21 09:58:12.139
tf,NFO,79635,,,,,,,,1745209694,,,,,,,,367.10,368.35,,,2025-04-21 09:58:13.844
tf,NFO,79635,,,,,,,,1745209695,,,,,,,,366.50,367.80,,,2025-04-21 09:58:15.452
tf,NFO,79635,,,,,,,,1745209697,,,,,,,,366.60,367.90,375,375,2025-04-21 09:58:17.071
tf,NFO,79635,,,,,,,,1745209699,,,,,,,,366.50,367.60,150,150,2025-04-21 09:58:18.736
tf,NFO,79635,,,,,,,,1745209700,,,,,,,,367.10,368.35,,375,2025-04-21 09:58:20.282
tf,NFO,79635,,,,,,,,1745209702,,,,,,,,367.55,369.75,,450,2025-04-21 09:58:21.884
tf,NFO,79635,,,,,,,,1745209704,,,,,,,,368.00,369.30,,150,2025-04-21 09:58:23.666
