t,e,tk,ts,pp,ls,ti,lp,pc,c,ft,o,h,l,ap,v,oi,poi,bp1,sp1,bq1,sq1,received_timestamp
tk,NFO,79607,NIFTY24APR25P24150,2,75,0.05,245.40,-34.39,374.00,1745209403,319.25,348.75,232.90,276.49,888675,150750,13125,245.50,246.10,450,75,2025-04-21 09:53:24.037
tf,NFO,79607,,,,,245.75,-34.29,,1745209404,,,,,,,,,,,,2025-04-21 09:53:24.268
tf,NFO,79607,,,,,247.20,-33.90,,1745209405,,,,276.48,888975,,,246.80,247.45,225,225,2025-04-21 09:53:24.699
tf,NFO,79607,,,,,,,,1745209406,,,,,,,,248.10,248.75,600,300,2025-04-21 09:53:26.398
tf,NFO,79607,,,,,249.05,-33.41,,1745209408,,,,,,,,,,,,2025-04-21 09:53:27.669
tf,NFO,79607,,,,,249.20,-33.37,,1745209408,,,,276.47,889275,,,249.40,249.85,375,75,2025-04-21 09:53:27.912
tf,NFO,79607,,,,,249.10,-33.40,,1745209408,,,,,,,,,,,,2025-04-21 09:53:28.269
tf,NFO,79607,,,,,250.50,-33.02,,1745209409,,,,,,,,,,,,2025-04-21 09:53:29.579
tf,NFO,79607,,,,,,,,1745209409,,,,276.41,891150,,,249.75,250.35,300,150,2025-04-21 09:53:29.582
tf,NFO,79607,,,,,,,,1745209411,,,,,,,,249.00,249.60,225,300,2025-04-21 09:53:31.311
tf,NFO,79607,,,,,248.35,-33.60,,1745209411,,,,,,,,,,,,2025-04-21 09:53:31.472
tf,NFO,79607,,,,,248.30,-33.61,,1745209412,,,,,,,,,,,,2025-04-21 09:53:32.272
tf,NFO,79607,,,,,249.45,-33.30,,1745209413,,,,276.33,893850,,,250.10,250.65,150,675,2025-04-21 09:53:32.982
tf,NFO,79607,,,,,249.25,-33.36,,1745209414,,,,,,,,,,,,2025-04-21 09:53:34.475
tf,NFO,79607,,,,,,,,1745209414,,,,,893925,,,249.15,249.75,225,225,2025-04-21 09:53:34.525
tf,NFO,79607,,,,,249.75,-33.22,,1745209415,,,,,,,,,,,,2025-04-21 09:53:35.273
tf,NFO,79607,,,,,,,,1745209416,,,,276.32,894000,,,,,150,,2025-04-21 09:53:36.318
tf,NFO,79607,,,,,248.70,-33.50,,1745209417,,,,,,,,,,,,2025-04-21 09:53:36.882
tf,NFO,79607,,,,,,,,1745209418,,,,276.27,895800,,,248.75,249.35,75,150,2025-04-21 09:53:37.920
tf,NFO,79607,,,,,248.00,-33.69,,1745209419,,,,,,,,,,,,2025-04-21 09:53:39.538
tf,NFO,79607,,,,,,,,1745209419,,,,276.26,896025,,,247.95,248.50,375,225,2025-04-21 09:53:39.948
tf,NFO,79607,,,,,246.85,-34.00,,1745209420,,,,,,,,,,,,2025-04-21 09:53:40.340
tf,NFO,79607,,,,,,,,1745209421,,,,,896100,,,245.10,245.65,225,75,2025-04-21 09:53:41.325
tf,NFO,79607,,,,,245.95,-34.24,,1745209422,,,,,,,,,,,,2025-04-21 09:53:41.675
tf,NFO,79607,,,,,246.55,-34.08,,1745209423,,,,,,,,,,,,2025-04-21 09:53:42.676
tf,NFO,79607,,,,,,,,1745209423,,,,276.22,897300,,,246.65,247.25,375,225,2025-04-21 09:53:42.929
tf,NFO,79607,,,,,248.50,-33.56,,1745209423,,,,,,,,,,,,2025-04-21 09:53:43.277
tf,NFO,79607,,,,,249.15,-33.38,,1745209424,,,,,,,,,,,,2025-04-21 09:53:44.280
tf,NFO,79607,,,,,,,,1745209424,,,,276.21,897600,,,246.95,247.55,450,150,2025-04-21 09:53:44.564
tf,NFO,79607,,,,,,,,1745209426,,,,,,,,248.25,248.85,300,225,2025-04-21 09:53:46.332
tf,NFO,79607,,,,,247.90,-33.72,,1745209428,,,,,897675,,,247.30,247.95,600,600,2025-04-21 09:53:47.940
tf,NFO,79607,,,,,247.65,-33.78,,1745209428,,,,,,,,,,,,2025-04-21 09:53:48.288
tf,NFO,79607,,,,,246.65,-34.05,,1745209429,,,,,,,,,,,,2025-04-21 09:53:49.286
tf,NFO,79607,,,,,,,,1745209429,,,,276.16,899100,,,246.90,247.50,150,300,2025-04-21 09:53:49.570
tf,NFO,79607,,,,,247.45,-33.84,,1745209430,,,,,,,,,,,,2025-04-21 09:53:50.289
tf,NFO,79607,,,,,247.60,-33.80,,1745209431,,,,,,,,,,,,2025-04-21 09:53:51.292
tf,NFO,79607,,,,,,,,1745209431,,,,276.12,900525,,,247.05,247.65,375,,2025-04-21 09:53:51.338
tf,NFO,79607,,,,,,,,1745209433,,,,,,,,247.45,248.00,225,150,2025-04-21 09:53:53.037
tf,NFO,79607,,,,,247.65,-33.78,,1745209434,,,,,,,,,,,,2025-04-21 09:53:54.607
tf,NFO,79607,,,,,,,,1745209434,,,,276.11,900675,,,247.15,247.80,375,,2025-04-21 09:53:54.613
tf,NFO,79607,,,,,247.10,-33.93,,1745209436,,,,,,,,,,,,2025-04-21 09:53:55.695
tf,NFO,79607,,,,,246.20,-34.17,,1745209436,,,,,,,,,,,,2025-04-21 09:53:56.345
tf,NFO,79607,,,,,,,,1745209436,,,,276.09,901350,,,246.40,246.95,75,75,2025-04-21 09:53:56.353
tf,NFO,79607,,,,,,,,1745209438,,,,,,,,247.25,247.90,375,900,2025-04-21 09:53:57.965
tf,NFO,79607,,,,,247.20,-33.90,,1745209439,,,,,,,,,,,,2025-04-21 09:53:58.935
tf,NFO,79607,,,,,,,,1745209439,,,,,901425,,,246.25,246.90,225,75,2025-04-21 09:53:59.629
tf,NFO,79607,,,,,245.50,-34.36,,1745209440,,,,,,,,,,,,2025-04-21 09:53:59.834
tf,NFO,79607,,,,,,,,1745209441,,,,276.08,901650,,,246.75,247.35,,,2025-04-21 09:54:01.452
tf,NFO,79607,,,,,247.30,-33.88,,1745209441,,,,,,,,,,,,2025-04-21 09:54:01.494
tf,NFO,79607,,,,,246.35,-34.13,,1745209442,,,,,,,,,,,,2025-04-21 09:54:02.306
tf,NFO,79607,,,,,245.75,-34.29,,1745209443,,,,275.74,911850,,,245.25,245.85,75,225,2025-04-21 09:54:02.976
tf,NFO,79607,,,,,247.30,-33.88,,1745209444,,,,,,,,,,,,2025-04-21 09:54:04.310
tf,NFO,79607,,,,,,,,1745209444,,,,,911925,,,245.80,246.40,300,300,2025-04-21 09:54:04.586
tf,NFO,79607,,,,,,,,1745209446,,,,,,,,248.00,248.65,750,75,2025-04-21 09:54:06.164
tf,NFO,79607,,,,,,,,1745209448,,,,,,,,245.70,246.10,375,225,2025-04-21 09:54:07.962
tf,NFO,79607,,,,,245.80,-34.28,,1745209448,,,,,,,,,,,,2025-04-21 09:54:08.301
tf,NFO,79607,,,,,247.30,-33.88,,1745209449,,,,,,,,,,,,2025-04-21 09:54:09.306
tf,NFO,79607,,,,,,,,1745209449,,,,275.73,912300,,,246.00,246.55,150,300,2025-04-21 09:54:09.573
tf,NFO,79607,,,,,248.20,-33.64,,1745209451,,,,,,,,,,,,2025-04-21 09:54:10.897
tf,NFO,79607,,,,,,,,1745209451,,,,,912375,,,247.05,247.65,225,75,2025-04-21 09:54:11.176
tf,NFO,79607,,,,,,,,1745209453,,,,,,,,247.55,248.10,150,225,2025-04-21 09:54:12.927
tf,NFO,79607,,,,,248.50,-33.56,,1745209453,,,,,,,,,,,,2025-04-21 09:54:12.928
tf,NFO,79607,,,,,248.45,-33.57,,1745209453,,,,,,,,,,,,2025-04-21 09:54:13.324
tf,NFO,79607,,,,,247.85,-33.73,,1745209454,,,,,,,,,,,,2025-04-21 09:54:14.340
tf,NFO,79607,,,,,,,,1745209454,,,,275.70,913200,,,247.25,247.90,75,900,2025-04-21 09:54:14.575
tf,NFO,79607,,,,,247.20,-33.90,,1745209455,,,,,,,,,,,,2025-04-21 09:54:15.305
tf,NFO,79607,,,,,246.00,-34.22,,1745209456,,,,275.69,913725,,,245.05,245.55,150,75,2025-04-21 09:54:16.217
tf,NFO,79607,,,,,246.10,-34.20,,1745209457,,,,,,,,,,,,2025-04-21 09:54:17.420
tf,NFO,79607,,,,,245.80,-34.28,,1745209458,,,,275.66,914550,,,245.85,246.40,225,450,2025-04-21 09:54:17.793
tf,NFO,79607,,,,,246.00,-34.22,,1745209458,,,,,,,,,,,,2025-04-21 09:54:18.362
tf,NFO,79607,,,,,,,,1745209459,,,,,914625,,,243.50,244.05,375,75,2025-04-21 09:54:20.066
tf,NFO,79607,,,,,242.25,-35.23,,1745209460,,,,,,,,,,,,2025-04-21 09:54:20.132
tf,NFO,79607,,,,,242.55,-35.15,,1745209460,,,,,,,,,,,,2025-04-21 09:54:20.349
tf,NFO,79607,,,,,,,,1745209461,,,,275.65,914850,,,242.45,242.95,75,225,2025-04-21 09:54:21.368
tf,NFO,79607,,,,,242.80,-35.08,,1745209462,,,,,,,,,,,,2025-04-21 09:54:22.193
tf,NFO,79607,,,,,241.95,-35.31,,1745209462,,,,,,,,,,,,2025-04-21 09:54:22.481
tf,NFO,79607,,,,,242.25,-35.23,,1745209463,,,,275.63,915450,,,242.55,243.10,150,,2025-04-21 09:54:22.788
tf,NFO,79607,,,,,242.35,-35.20,,1745209463,,,,,,,,,,,,2025-04-21 09:54:23.306
tf,NFO,79607,,,,,,,,1745209464,,,,275.62,915525,,,241.75,242.20,,300,2025-04-21 09:54:24.478
tf,NFO,79607,,,,,242.00,-35.29,,1745209465,,,,,,,,,,,,2025-04-21 09:54:24.756
tf,NFO,79607,,,,,,,,1745209466,,,,,915675,,,242.40,242.95,,75,2025-04-21 09:54:26.204
tf,NFO,79607,,,,,242.50,-35.16,,1745209467,,,,,,,,,,,,2025-04-21 09:54:27.560
tf,NFO,79607,,,,,242.90,-35.05,,1745209468,,,,275.61,916050,,,243.05,243.55,450,,2025-04-21 09:54:27.797
tf,NFO,79607,,,,,242.80,-35.08,,1745209468,,,,,,,,,,,,2025-04-21 09:54:28.365
tf,NFO,79607,,,,,,,,1745209469,,,,275.60,916275,,,241.30,241.90,300,525,2025-04-21 09:54:29.425
tf,NFO,79607,,,,,243.25,-34.96,,1745209470,,,,,,,,,,,,2025-04-21 09:54:30.488
tf,NFO,79607,,,,,243.85,-34.80,,1745209471,,,,275.59,916425,,,242.45,243.00,150,,2025-04-21 09:54:31.021
tf,NFO,79607,,,,,243.45,-34.91,,1745209473,,,,275.58,916650,,,243.55,244.15,450,75,2025-04-21 09:54:32.956
tf,NFO,79607,,,,,244.05,-34.75,,1745209473,,,,,,,,,,,,2025-04-21 09:54:33.576
tf,NFO,79607,,,,,,,,1745209474,,,,,916800,,,242.10,242.70,1125,600,2025-04-21 09:54:34.417
tf,NFO,79607,,,,,243.50,-34.89,,1745209476,,,,,,,,,,,,2025-04-21 09:54:35.740
tf,NFO,79607,,,,,243.70,-34.84,,1745209476,,,,275.57,917025,,,243.00,243.60,375,,2025-04-21 09:54:36.011
tf,NFO,79607,,,,,242.45,-35.17,,1745209477,,,,,,,,,,,,2025-04-21 09:54:37.343
tf,NFO,79607,,,,,241.70,-35.37,,1745209477,,,,275.49,919275,,,241.60,242.00,675,75,2025-04-21 09:54:37.655
tf,NFO,79607,,,,,242.20,-35.24,,1745209478,,,,,,158400,,,,,,2025-04-21 09:54:38.349
tf,NFO,79607,,,,,,,,1745209479,,,,275.48,919575,,,241.55,242.15,300,450,2025-04-21 09:54:39.346
tf,NFO,79607,,,,,240.80,-35.61,,1745209480,,,,,,,,,,,,2025-04-21 09:54:40.331
tf,NFO,79607,,,,,,,,1745209481,,,,,919650,,,240.80,241.25,150,300,2025-04-21 09:54:41.014
tf,NFO,79607,,,,,240.60,-35.67,,1745209482,,,,,,,,,,,,2025-04-21 09:54:41.717
tf,NFO,79607,,,,,,,,1745209482,,,,275.47,919875,,,240.05,240.45,75,75,2025-04-21 09:54:42.623
tf,NFO,79607,,,,,239.70,-35.91,,1745209483,,,,,,,,,,,,2025-04-21 09:54:43.118
tf,NFO,79607,,,,,240.95,-35.57,,1745209483,,,,,,,,,,,,2025-04-21 09:54:43.335
tf,NFO,79607,,,,,241.55,-35.41,,1745209484,,,,275.24,925875,,,240.60,241.10,,225,2025-04-21 09:54:44.228
tf,NFO,79607,,,,,239.60,-35.94,,1745209486,,,,,,,,,,,,2025-04-21 09:54:45.744
tf,NFO,79607,,,,,,,,1745209486,,,,275.22,926400,,,240.30,240.80,150,150,2025-04-21 09:54:46.091
tf,NFO,79607,,,,,240.20,-35.78,,1745209486,,,,,,,,,,,,2025-04-21 09:54:46.320
tf,NFO,79607,,,,,240.40,-35.72,,1745209487,,,,,,,,,,,,2025-04-21 09:54:47.577
tf,NFO,79607,,,,,,,,1745209487,,,,275.19,927150,,,240.45,240.95,225,,2025-04-21 09:54:47.662
tf,NFO,79607,,,,,239.30,-36.02,,1745209488,,,,,,,,,,,,2025-04-21 09:54:48.396
tf,NFO,79607,,,,,240.00,-35.83,,1745209489,,,,275.17,927600,,,240.05,240.60,450,225,2025-04-21 09:54:49.247
tf,NFO,79607,,,,,239.95,-35.84,,1745209489,,,,,,,,,,,,2025-04-21 09:54:49.323
tf,NFO,79607,,,,,239.60,-35.94,,1745209490,,,,,,,,,,,,2025-04-21 09:54:50.322
tf,NFO,79607,,,,,239.20,-36.04,,1745209491,,,,275.11,929100,,,240.00,240.50,375,150,2025-04-21 09:54:51.038
tf,NFO,79607,,,,,240.30,-35.75,,1745209491,,,,,,,,,,,,2025-04-21 09:54:51.326
tf,NFO,79607,,,,,,,,1745209493,,,,,929175,,,239.40,239.95,150,225,2025-04-21 09:54:52.679
tf,NFO,79607,,,,,239.75,-35.90,,1745209493,,,,,,,,,,,,2025-04-21 09:54:53.028
tf,NFO,79607,,,,,239.25,-36.03,,1745209493,,,,,,,,,,,,2025-04-21 09:54:53.445
tf,NFO,79607,,,,,239.20,-36.04,,1745209494,,,,275.06,930375,,,238.35,238.90,,75,2025-04-21 09:54:54.253
tf,NFO,79607,,,,,238.60,-36.20,,1745209495,,,,,,,,,,,,2025-04-21 09:54:55.331
tf,NFO,79607,,,,,,,,1745209496,,,,275.05,930825,,,238.85,239.40,75,,2025-04-21 09:54:56.038
tf,NFO,79607,,,,,239.50,-35.96,,1745209497,,,,,,,,,,,,2025-04-21 09:54:56.728
tf,NFO,79607,,,,,,,,1745209498,,,,275.04,930900,,,240.00,240.50,525,300,2025-04-21 09:54:57.695
tf,NFO,79607,,,,,240.55,-35.68,,1745209498,,,,,,,,,,,,2025-04-21 09:54:57.967
tf,NFO,79607,,,,,239.40,-35.99,,1745209498,,,,,,,,,,,,2025-04-21 09:54:58.604
tf,NFO,79607,,,,,238.65,-36.19,,1745209499,,,,275.03,931200,,,238.10,238.60,300,75,2025-04-21 09:54:59.442
tf,NFO,79607,,,,,237.75,-36.43,,1745209500,,,,,,,,,,,,2025-04-21 09:55:00.329
tf,NFO,79607,,,,,237.60,-36.47,,1745209501,,,,274.88,934950,,,238.35,238.90,150,525,2025-04-21 09:55:01.044
tf,NFO,79607,,,,,241.05,-35.55,,1745209503,,,,,935100,,,240.30,240.90,600,300,2025-04-21 09:55:02.677
tf,NFO,79607,,,,,239.65,-35.92,,1745209504,,,,,,,,,,,,2025-04-21 09:55:03.729
tf,NFO,79607,,,,,240.35,-35.74,,1745209504,,,,274.82,936525,,,239.75,240.35,75,150,2025-04-21 09:55:04.272
tf,NFO,79607,,,,,238.65,-36.19,,1745209506,,,,,,,,,,,,2025-04-21 09:55:05.767
tf,NFO,79607,,,,,,,,1745209506,,,,,936675,,,238.25,238.75,150,225,2025-04-21 09:55:06.140
tf,NFO,79607,,,,,238.25,-36.30,,1745209506,,,,,,,,,,,,2025-04-21 09:55:06.343
tf,NFO,79607,,,,,,,,1745209508,,,,274.79,937350,,,237.05,237.60,,750,2025-04-21 09:55:07.776
tf,NFO,79607,,,,,237.00,-36.63,,1745209508,,,,,,,,,,,,2025-04-21 09:55:08.235
tf,NFO,79607,,,,,235.90,-36.93,,1745209509,,,,,,,,,,,,2025-04-21 09:55:08.876
tf,NFO,79607,,,,,236.35,-36.80,,1745209509,,,,274.59,942150,,,236.40,236.95,,150,2025-04-21 09:55:09.261
tf,NFO,79607,,,,,236.90,-36.66,,1745209510,,,,,,,,,,,,2025-04-21 09:55:10.340
tf,NFO,79607,,,,,235.30,-37.09,,1745209511,,,,274.57,942825,,,235.10,235.70,525,450,2025-04-21 09:55:11.075
tf,NFO,79607,,,,,234.90,-37.19,,1745209511,,,,,,,,,,,,2025-04-21 09:55:11.346
tf,NFO,79607,,,,,234.50,-37.30,,1745209512,,,,,,,,,,,,2025-04-21 09:55:12.529
tf,NFO,79607,,,,,235.40,-37.06,,1745209513,,,,274.54,943500,,,234.05,234.60,150,600,2025-04-21 09:55:12.730
tf,NFO,79607,,,,,234.60,-37.27,,1745209513,,,,,,,,,,,,2025-04-21 09:55:13.358
tf,NFO,79607,,,,,234.40,-37.33,,1745209514,,,,274.52,943800,,,233.95,234.50,75,450,2025-04-21 09:55:14.288
tf,NFO,79607,,,,,232.00,-37.97,,1745209515,,,,,,,,,,,,2025-04-21 09:55:15.336
tf,NFO,79607,,,,,231.60,-38.07,,1745209516,,,231.00,274.44,945675,,,231.55,232.15,375,150,2025-04-21 09:55:16.071
tf,NFO,79607,,,,,231.40,-38.13,,1745209516,,,,,,,,,,,,2025-04-21 09:55:16.564
tf,NFO,79607,,,,,223.00,-40.37,,1745209517,,,,,,,,,,,,2025-04-21 09:55:17.355
tf,NFO,79607,,,,,223.20,-40.32,,1745209518,,,222.60,273.78,958950,,,222.90,223.35,150,300,2025-04-21 09:55:17.679
tf,NFO,79607,,,,,223.85,-40.15,,1745209518,,,,,,,,,,,,2025-04-21 09:55:18.435
tf,NFO,79607,,,,,222.85,-40.41,,1745209519,,,222.00,273.65,961500,,,222.00,222.50,75,225,2025-04-21 09:55:19.281
tf,NFO,79607,,,,,222.45,-40.52,,1745209519,,,,,,,,,,,,2025-04-21 09:55:19.661
tf,NFO,79607,,,,,222.85,-40.41,,1745209520,,,,,,,,,,,,2025-04-21 09:55:20.349
tf,NFO,79607,,,,,221.25,-40.84,,1745209521,,,221.25,273.54,963525,,,221.40,221.90,300,150,2025-04-21 09:55:21.080
tf,NFO,79607,,,,,221.35,-40.82,,1745209521,,,,,,,,,,,,2025-04-21 09:55:21.341
tf,NFO,79607,,,,,221.25,-40.84,,1745209522,,,,,,,,,,,,2025-04-21 09:55:22.345
tf,NFO,79607,,,,,221.00,-40.91,,1745209523,,,220.50,273.11,971475,,,220.35,221.60,75,300,2025-04-21 09:55:22.707
tf,NFO,79607,,,,,221.70,-40.72,,1745209523,,,,,,,,,,,,2025-04-21 09:55:23.547
tf,NFO,79607,,,,,224.15,-40.07,,1745209524,,,,273.08,972075,,,221.90,222.40,,375,2025-04-21 09:55:24.313
tf,NFO,79607,,,,,224.65,-39.93,,1745209525,,,,,,,,,,,,2025-04-21 09:55:25.347
tf,NFO,79607,,,,,224.25,-40.04,,1745209526,,,,273.05,972600,,,224.05,224.60,375,,2025-04-21 09:55:26.214
tf,NFO,79607,,,,,224.40,-40.00,,1745209526,,,,,,,,,,,,2025-04-21 09:55:26.456
tf,NFO,79607,,,,,222.35,-40.55,,1745209527,,,,,,,,,,,,2025-04-21 09:55:27.370
tf,NFO,79607,,,,,222.00,-40.64,,1745209528,,,,272.99,973950,,,222.00,222.45,150,150,2025-04-21 09:55:27.704
tf,NFO,79607,,,,,223.40,-40.27,,1745209528,,,,,,,,,,,,2025-04-21 09:55:28.350
tf,NFO,79607,,,,,221.65,-40.74,,1745209529,,,,272.94,974775,,,221.75,222.25,,225,2025-04-21 09:55:29.315
tf,NFO,79607,,,,,221.90,-40.67,,1745209529,,,,,,,,,,,,2025-04-21 09:55:29.542
tf,NFO,79607,,,,,223.20,-40.32,,1745209530,,,,,,,,,,,,2025-04-21 09:55:30.350
tf,NFO,79607,,,,,223.60,-40.21,,1745209531,,,,272.66,980250,,,223.45,223.90,75,75,2025-04-21 09:55:31.097
tf,NFO,79607,,,,,224.40,-40.00,,1745209531,,,,,,,,,,,,2025-04-21 09:55:31.350
tf,NFO,79607,,,,,223.75,-40.17,,1745209532,,,,,,,,,,,,2025-04-21 09:55:32.440
tf,NFO,79607,,,,,,,,1745209533,,,,272.59,981750,,,223.30,,,375,2025-04-21 09:55:32.867
tf,NFO,79607,,,,,222.75,-40.44,,1745209533,,,,,,,,,,,,2025-04-21 09:55:33.353
tf,NFO,79607,,,,,223.80,-40.16,,1745209534,,,,272.55,982650,,,223.55,224.20,,150,2025-04-21 09:55:34.338
tf,NFO,79607,,,,,224.70,-39.92,,1745209535,,,,,,,,,,,,2025-04-21 09:55:35.360
tf,NFO,79607,,,,,225.85,-39.61,,1745209536,,,,272.52,983175,,,224.90,225.40,,75,2025-04-21 09:55:36.106
tf,NFO,79607,,,,,223.80,-40.16,,1745209537,,,,,,,,,,,,2025-04-21 09:55:37.553
tf,NFO,79607,,,,,,,,1745209538,,,,272.48,984075,,,223.40,223.95,150,225,2025-04-21 09:55:37.710
tf,NFO,79607,,,,,223.70,-40.19,,1745209539,,,,,,,,,,,,2025-04-21 09:55:38.956
tf,NFO,79607,,,,,224.25,-40.04,,1745209539,,,,272.47,984225,,,223.85,224.40,75,,2025-04-21 09:55:39.536
tf,NFO,79607,,,,,223.70,-40.19,,1745209540,,,,,,,,,,,,2025-04-21 09:55:40.372
tf,NFO,79607,,,,,223.00,-40.37,,1745209541,,,,272.43,984975,,,222.75,223.30,600,75,2025-04-21 09:55:41.001
tf,NFO,79607,,,,,222.85,-40.41,,1745209541,,,,,,,,,,,,2025-04-21 09:55:41.367
tf,NFO,79607,,,,,222.90,-40.40,,1745209542,,,,,,,,,,,,2025-04-21 09:55:42.356
tf,NFO,79607,,,,,,,,1745209543,,,,272.41,985500,,,222.30,222.85,300,150,2025-04-21 09:55:42.719
tf,NFO,79607,,,,,223.20,-40.32,,1745209543,,,,,,,,,,,,2025-04-21 09:55:43.366
tf,NFO,79607,,,,,222.00,-40.64,,1745209544,,,,272.38,985950,,,221.40,221.95,375,,2025-04-21 09:55:44.346
tf,NFO,79607,,,,,223.35,-40.28,,1745209545,,,,,,,,,,,,2025-04-21 09:55:45.420
tf,NFO,79607,,,,,224.55,-39.96,,1745209546,,,,272.29,987900,,,224.70,225.15,150,75,2025-04-21 09:55:45.920
tf,NFO,79607,,,,,224.65,-39.93,,1745209546,,,,,,,,,,,,2025-04-21 09:55:46.359
tf,NFO,79607,,,,,224.70,-39.92,,1745209547,,,,,,,,,,,,2025-04-21 09:55:47.366
tf,NFO,79607,,,,,224.40,-40.00,,1745209548,,,,272.27,988350,,,223.70,224.25,225,375,2025-04-21 09:55:47.736
tf,NFO,79607,,,,,225.00,-39.84,,1745209548,,,,,,,,,,,,2025-04-21 09:55:48.366
tf,NFO,79607,,,,,223.25,-40.31,,1745209549,,,,272.18,990075,,,223.40,223.80,525,75,2025-04-21 09:55:49.329
tf,NFO,79607,,,,,223.70,-40.19,,1745209550,,,,,,,,,,,,2025-04-21 09:55:50.361
tf,NFO,79607,,,,,223.65,-40.20,,1745209551,,,,272.09,991875,,,223.00,223.60,675,375,2025-04-21 09:55:50.931
tf,NFO,79607,,,,,223.95,-40.12,,1745209552,,,,,,,,,,,,2025-04-21 09:55:52.438
tf,NFO,79607,,,,,,,,1745209553,,,,272.00,993825,,,225.75,226.00,150,75,2025-04-21 09:55:52.834
tf,NFO,79607,,,,,226.00,-39.57,,1745209553,,,,,,,,,,,,2025-04-21 09:55:53.370
tf,NFO,79607,,,,,225.80,-39.63,,1745209554,,,,271.98,994350,,,226.00,226.50,,225,2025-04-21 09:55:54.337
tf,NFO,79607,,,,,226.40,-39.47,,1745209555,,,,,,,,,,,,2025-04-21 09:55:55.382
tf,NFO,79607,,,,,225.80,-39.63,,1745209556,,,,271.93,995250,,,226.45,226.95,,150,2025-04-21 09:55:55.939
tf,NFO,79607,,,,,226.40,-39.47,,1745209556,,,,,,,,,,,,2025-04-21 09:55:56.371
tf,NFO,79607,,,,,226.90,-39.33,,1745209557,,,,,,,,,,,,2025-04-21 09:55:57.372
tf,NFO,79607,,,,,226.25,-39.51,,1745209558,,,,271.92,995625,,,226.25,226.80,,600,2025-04-21 09:55:57.737
tf,NFO,79607,,,,,228.80,-38.82,,1745209558,,,,,,,,,,,,2025-04-21 09:55:58.615
tf,NFO,79607,,,,,230.00,-38.50,,1745209559,,,,271.68,1001100,,,229.95,230.20,375,225,2025-04-21 09:55:59.426
tf,NFO,79607,,,,,230.20,-38.45,,1745209559,,,,,,,,,,,,2025-04-21 09:55:59.430
tf,NFO,79607,,,,,232.15,-37.93,,1745209560,,,,,,,,,,,,2025-04-21 09:56:00.368
tf,NFO,79607,,,,,231.00,-38.24,,1745209561,,,,271.61,1002825,,,230.25,230.75,525,75,2025-04-21 09:56:00.943
tf,NFO,79607,,,,,230.25,-38.44,,1745209561,,,,,,,,,,,,2025-04-21 09:56:01.567
tf,NFO,79607,,,,,231.40,-38.13,,1745209562,,,,,,,,,,,,2025-04-21 09:56:02.374
tf,NFO,79607,,,,,231.35,-38.14,,1745209563,,,,271.57,1003725,,,231.45,231.95,300,150,2025-04-21 09:56:02.743
tf,NFO,79607,,,,,231.55,-38.09,,1745209563,,,,,,,,,,,,2025-04-21 09:56:03.368
tf,NFO,79607,,,,,232.70,-37.78,,1745209564,,,,271.55,1004175,,,232.55,233.05,150,225,2025-04-21 09:56:04.347
tf,NFO,79607,,,,,231.50,-38.10,,1745209565,,,,,,,,,,,,2025-04-21 09:56:05.369
tf,NFO,79607,,,,,232.50,-37.83,,1745209566,,,,271.53,1004700,,,231.70,232.35,975,375,2025-04-21 09:56:05.973
tf,NFO,79607,,,,,231.10,-38.21,,1745209567,,,,,,,,,,,,2025-04-21 09:56:07.375
tf,NFO,79607,,,,,,,,1745209568,,,,271.52,1005075,,,230.65,231.25,75,300,2025-04-21 09:56:07.751
tf,NFO,79607,,,,,230.05,-38.49,,1745209568,,,,,,,,,,,,2025-04-21 09:56:08.373
tf,NFO,79607,,,,,230.85,-38.28,,1745209569,,,,271.32,1009950,,,230.90,231.40,,375,2025-04-21 09:56:09.357
tf,NFO,79607,,,,,231.55,-38.09,,1745209570,,,,,,,,,,,,2025-04-21 09:56:10.376
tf,NFO,79607,,,,,,,,1745209571,,,,271.30,1010400,,,231.25,231.75,,150,2025-04-21 09:56:10.963
tf,NFO,79607,,,,,231.95,-37.98,,1745209571,,,,,,,,,,,,2025-04-21 09:56:11.613
tf,NFO,79607,,,,,231.30,-38.16,,1745209572,,,,,,,,,,,,2025-04-21 09:56:12.521
tf,NFO,79607,,,,,,,,1745209573,,,,271.29,1010700,,,231.00,231.45,150,225,2025-04-21 09:56:12.756
tf,NFO,79607,,,,,231.00,-38.24,,1745209573,,,,,,,,,,,,2025-04-21 09:56:13.375
tf,NFO,79607,,,,,,,,1745209574,,,,271.28,1010925,,,230.10,230.55,,,2025-04-21 09:56:14.364
tf,NFO,79607,,,,,229.75,-38.57,,1745209576,,,,,,,,,,,,2025-04-21 09:56:15.775
tf,NFO,79607,,,,,,,,1745209576,,,,271.26,1011375,,,230.25,230.50,,75,2025-04-21 09:56:15.967
tf,NFO,79607,,,,,231.35,-38.14,,1745209576,,,,,,,,,,,,2025-04-21 09:56:16.380
tf,NFO,79607,,,,,231.00,-38.24,,1745209577,,,,,,,,,,,,2025-04-21 09:56:17.387
tf,NFO,79607,,,,,,,,1745209578,,,,271.23,1012200,,,229.85,230.40,75,300,2025-04-21 09:56:17.766
tf,NFO,79607,,,,,230.05,-38.49,,1745209578,,,,,,,,,,,,2025-04-21 09:56:18.580
tf,NFO,79607,,,,,230.10,-38.48,,1745209579,,,,271.22,1012350,,,231.60,232.00,300,825,2025-04-21 09:56:19.463
tf,NFO,79607,,,,,232.00,-37.97,,1745209579,,,,,,,,,,,,2025-04-21 09:56:19.494
tf,NFO,79607,,,,,231.60,-38.07,,1745209580,,,,,,,,,,,,2025-04-21 09:56:20.381
tf,NFO,79607,,,,,231.35,-38.14,,1745209581,,,,,1012575,,,,,600,750,2025-04-21 09:56:20.970
tf,NFO,79607,,,,,232.00,-37.97,,1745209581,,,,,,,,,,,,2025-04-21 09:56:21.385
tf,NFO,79607,,,,,232.95,-37.71,,1745209582,,,,,,,,,,,,2025-04-21 09:56:22.385
tf,NFO,79607,,,,,,,,1745209583,,,,271.18,1013400,,,232.50,233.00,450,150,2025-04-21 09:56:22.770
tf,NFO,79607,,,,,234.30,-37.35,,1745209583,,,,,,,,,,,,2025-04-21 09:56:23.379
tf,NFO,79607,,,,,235.00,-37.17,,1745209584,,,,271.09,1015875,,,233.35,234.00,75,675,2025-04-21 09:56:24.381
tf,NFO,79607,,,,,233.50,-37.57,,1745209585,,,,,,,,,,,,2025-04-21 09:56:25.409
tf,NFO,79607,,,,,,,,1745209586,,,,271.03,1017675,,,233.80,234.40,,450,2025-04-21 09:56:26.052
tf,NFO,79607,,,,,234.25,-37.37,,1745209586,,,,,,,,,,,,2025-04-21 09:56:26.391
tf,NFO,79607,,,,,236.00,-36.90,,1745209587,,,,,,,,,,,,2025-04-21 09:56:27.396
tf,NFO,79607,,,,,,,,1745209588,,,,270.99,1018800,,,236.05,236.55,150,150,2025-04-21 09:56:27.780
tf,NFO,79607,,,,,236.50,-36.76,,1745209588,,,,,,,,,,,,2025-04-21 09:56:28.584
tf,NFO,79607,,,,,234.10,-37.41,,1745209589,,,,270.95,1019850,,,233.70,234.25,75,225,2025-04-21 09:56:29.391
tf,NFO,79607,,,,,233.75,-37.50,,1745209591,,,,270.92,1020825,,,233.20,233.80,150,300,2025-04-21 09:56:30.984
tf,NFO,79607,,,,,231.95,-37.98,,1745209592,,,,,,,,,,,,2025-04-21 09:56:32.386
tf,NFO,79607,,,,,232.00,-37.97,,1745209593,,,,270.91,1021050,,,231.50,232.00,750,75,2025-04-21 09:56:32.800
tf,NFO,79607,,,,,232.35,-37.87,,1745209593,,,,,,,,,,,,2025-04-21 09:56:33.385
tf,NFO,79607,,,,,231.90,-37.99,,1745209594,,,,,,,,,,,,2025-04-21 09:56:34.412
tf,NFO,79607,,,,,,,,1745209594,,,,270.88,1021875,,,231.80,232.45,75,375,2025-04-21 09:56:34.425
tf,NFO,79607,,,,,231.60,-38.07,,1745209595,,,,,,,,,,,,2025-04-21 09:56:35.388
tf,NFO,79607,,,,,231.30,-38.16,,1745209596,,,,270.86,1022325,,,230.85,231.35,,75,2025-04-21 09:56:36.000
tf,NFO,79607,,,,,230.90,-38.26,,1745209596,,,,,,,,,,,,2025-04-21 09:56:36.389
tf,NFO,79607,,,,,230.70,-38.32,,1745209597,,,,,,,,,,,,2025-04-21 09:56:37.386
tf,NFO,79607,,,,,230.50,-38.37,,1745209598,,,,270.84,1022700,,,230.30,230.90,,375,2025-04-21 09:56:37.793
tf,NFO,79607,,,,,231.40,-38.13,,1745209599,,,,,,,,,,,,2025-04-21 09:56:39.387
tf,NFO,79607,,,,,,,,1745209599,,,,270.81,1023600,,,231.30,231.95,900,150,2025-04-21 09:56:39.417
tf,NFO,79607,,,,,230.70,-38.32,,1745209600,,,,,,,,,,,,2025-04-21 09:56:40.392
tf,NFO,79607,,,,,229.75,-38.57,,1745209601,,,,270.80,1023900,,,229.75,230.25,75,75,2025-04-21 09:56:41.026
tf,NFO,79607,,,,,229.90,-38.53,,1745209602,,,,,,,,,,,,2025-04-21 09:56:42.390
tf,NFO,79607,,,,,230.20,-38.45,,1745209603,,,,270.79,1024125,,,229.60,229.95,525,,2025-04-21 09:56:42.798
tf,NFO,79607,,,,,230.00,-38.50,,1745209603,,,,,,,,,,,,2025-04-21 09:56:43.391
tf,NFO,79607,,,,,230.05,-38.49,,1745209604,,,,,,,,,,,,2025-04-21 09:56:44.396
tf,NFO,79607,,,,,,,,1745209604,,,,270.74,1025400,,,229.05,229.70,75,225,2025-04-21 09:56:44.430
tf,NFO,79607,,,,,228.40,-38.93,,1745209605,,,,,,,,,,,,2025-04-21 09:56:45.486
tf,NFO,79607,,,,,228.90,-38.80,,1745209606,,,,270.67,1027125,,,228.65,229.15,,150,2025-04-21 09:56:46.114
tf,NFO,79607,,,,,,,,1745209607,,,,,,,,228.35,228.80,150,75,2025-04-21 09:56:47.736
tf,NFO,79607,,,,,228.70,-38.85,,1745209608,,,,,,,,,,,,2025-04-21 09:56:47.794
tf,NFO,79607,,,,,229.25,-38.70,,1745209608,,,,,,,,,,,,2025-04-21 09:56:48.594
tf,NFO,79607,,,,,,,,1745209609,,,,270.66,1027275,,,230.75,231.25,,,2025-04-21 09:56:49.428
tf,NFO,79607,,,,,229.75,-38.57,,1745209610,,,,,,,,,,,,2025-04-21 09:56:50.401
tf,NFO,79607,,,,,,,,1745209611,,,,,1027350,,,229.80,230.35,300,,2025-04-21 09:56:51.044
tf,NFO,79607,,,,,230.15,-38.46,,1745209611,,,,,,,,,,,,2025-04-21 09:56:52.265
tf,NFO,79607,,,,,229.90,-38.53,,1745209612,,,,,,,,,,,,2025-04-21 09:56:52.449
tf,NFO,79607,,,,,,,,1745209612,,,,270.64,1027725,,,230.05,230.55,150,225,2025-04-21 09:56:52.678
tf,NFO,79607,,,,,230.00,-38.50,,1745209614,,,,,,,,,,,,2025-04-21 09:56:53.798
tf,NFO,79607,,,,,,,,1745209614,,,,,1027875,,,229.40,229.90,,375,2025-04-21 09:56:54.428
tf,NFO,79607,,,,,228.90,-38.80,,1745209615,,,,,,,,,,,,2025-04-21 09:56:55.601
tf,NFO,79607,,,,,,,,1745209616,,,,270.62,1028250,,,228.75,229.30,525,,2025-04-21 09:56:56.047
tf,NFO,79607,,,,,229.70,-38.58,,1745209616,,,,,,,,,,,,2025-04-21 09:56:56.604
tf,NFO,79607,,,,,,,,1745209617,,,,,1028325,,,228.65,229.15,150,150,2025-04-21 09:56:57.647
tf,NFO,79607,,,,,228.90,-38.80,,1745209618,,,,,,,,,,,,2025-04-21 09:56:58.002
tf,NFO,79607,,,,,,,,1745209619,,,,,1028400,,,228.70,229.20,75,300,2025-04-21 09:56:59.460
tf,NFO,79607,,,,,228.00,-39.04,,1745209620,,,,,,,,,,,,2025-04-21 09:56:59.806
tf,NFO,79607,,,,,227.15,-39.26,,1745209621,,,,,,,,,,,,2025-04-21 09:57:01.009
tf,NFO,79607,,,,,,,,1745209621,,,,270.60,1028850,,,227.15,227.65,,75,2025-04-21 09:57:01.042
tf,NFO,79607,,,,,227.70,-39.12,,1745209621,,,,,,,,,,,,2025-04-21 09:57:01.413
tf,NFO,79607,,,,,226.90,-39.33,,1745209622,,,,,,,,,,,,2025-04-21 09:57:02.410
tf,NFO,79607,,,,,,,,1745209622,,,,270.58,1029300,,,227.25,227.80,225,600,2025-04-21 09:57:02.656
tf,NFO,79607,,,,,227.40,-39.20,,1745209624,,,,,,,,,,,,2025-04-21 09:57:03.806
tf,NFO,79607,,,,,228.00,-39.04,,1745209624,,,,,,,,,,,,2025-04-21 09:57:04.411
tf,NFO,79607,,,,,,,,1745209624,,,,270.53,1030425,,,228.70,229.25,150,300,2025-04-21 09:57:04.432
tf,NFO,79607,,,,,227.65,-39.13,,1745209625,,,,,,,,,,,,2025-04-21 09:57:05.414
tf,NFO,79607,,,,,,,,1745209626,,,,270.52,1030575,,,228.05,228.45,225,75,2025-04-21 09:57:06.035
tf,NFO,79607,,,,,228.25,-38.97,,1745209627,,,,,,,,,,,,2025-04-21 09:57:07.009
tf,NFO,79607,,,,,,,,1745209628,,,,,1030725,,,227.90,,150,,2025-04-21 09:57:07.653
tf,NFO,79607,,,,,228.45,-38.92,,1745209629,,,,,,,,,,,,2025-04-21 09:57:09.242
tf,NFO,79607,,,,,,,,1745209629,,,,270.50,1031250,,,227.65,228.05,,,2025-04-21 09:57:09.447
tf,NFO,79607,,,,,227.00,-39.30,,1745209630,,,,,,,,,,,,2025-04-21 09:57:10.610
tf,NFO,79607,,,,,227.50,-39.17,,1745209631,,,,270.47,1032000,,,226.95,227.50,225,525,2025-04-21 09:57:11.041
tf,NFO,79607,,,,,227.00,-39.30,,1745209631,,,,,,,,,,,,2025-04-21 09:57:11.486
tf,NFO,79607,,,,,227.15,-39.26,,1745209632,,,,,,,,,,,,2025-04-21 09:57:12.521
tf,NFO,79607,,,,,,,,1745209633,,,,270.45,1032300,,,226.30,226.65,75,75,2025-04-21 09:57:12.753
tf,NFO,79607,,,,,227.40,-39.20,,1745209633,,,,,,,,,,,,2025-04-21 09:57:13.417
tf,NFO,79607,,,,,226.80,-39.36,,1745209634,,,,270.44,1032525,,,226.00,226.40,150,300,2025-04-21 09:57:14.255
tf,NFO,79607,,,,,225.50,-39.71,,1745209635,,,,,,,,,,,,2025-04-21 09:57:15.420
tf,NFO,79607,,,,,226.00,-39.57,,1745209636,,,,270.40,1033500,,,227.10,227.45,75,75,2025-04-21 09:57:16.046
tf,NFO,79607,,,,,227.65,-39.13,,1745209636,,,,,,,,,,,,2025-04-21 09:57:16.419
tf,NFO,79607,,,,,226.90,-39.33,,1745209637,,,,,,,,,,,,2025-04-21 09:57:17.415
tf,NFO,79607,,,,,,,,1745209638,,,,270.38,1034025,,,227.35,227.90,225,450,2025-04-21 09:57:17.661
tf,NFO,79607,,,,,227.45,-39.18,,1745209638,,,,,,,,,,,,2025-04-21 09:57:18.476
tf,NFO,79607,,,,,227.50,-39.17,,1745209639,,,,270.36,1034400,,,227.50,228.05,300,150,2025-04-21 09:57:19.292
tf,NFO,79607,,,,,227.30,-39.22,,1745209640,,,,,,,,,,,,2025-04-21 09:57:20.525
tf,NFO,79607,,,,,,,,1745209641,,,,,1034550,,,226.10,226.60,75,600,2025-04-21 09:57:21.145
tf,NFO,79607,,,,,226.90,-39.33,,1745209641,,,,,,,,,,,,2025-04-21 09:57:21.518
tf,NFO,79607,,,,,227.15,-39.26,,1745209642,,,,,,,,,,,,2025-04-21 09:57:22.417
tf,NFO,79607,,,,,,,,1745209643,,,,270.35,1034700,,,226.05,,225,450,2025-04-21 09:57:22.661
tf,NFO,79607,,,,,226.40,-39.47,,1745209643,,,,,,,,,,,,2025-04-21 09:57:23.436
tf,NFO,79607,,,,,226.30,-39.49,,1745209644,,,,270.34,1034925,,,225.55,226.00,150,75,2025-04-21 09:57:24.268
tf,NFO,79607,,,,,226.55,-39.43,,1745209645,,,,,,,,,,,,2025-04-21 09:57:25.458
tf,NFO,79607,,,,,227.30,-39.22,,1745209646,,,,270.33,1035300,,,227.05,227.50,,,2025-04-21 09:57:25.892
tf,NFO,79607,,,,,226.85,-39.34,,1745209646,,,,,,,,,,,,2025-04-21 09:57:26.471
tf,NFO,79607,,,,,225.90,-39.60,,1745209647,,,,,,,,,,,,2025-04-21 09:57:27.622
tf,NFO,79607,,,,,,,,1745209648,,,,270.32,1035525,,,225.00,225.55,1725,525,2025-04-21 09:57:27.680
tf,NFO,79607,,,,,226.35,-39.48,,1745209648,,,,,,,,,,,,2025-04-21 09:57:28.625
tf,NFO,79607,,,,,225.80,-39.63,,1745209649,,,,270.31,1035750,,,226.05,226.55,150,300,2025-04-21 09:57:29.305
tf,NFO,79607,,,,,226.35,-39.48,,1745209649,,,,,,,,,,,,2025-04-21 09:57:29.424
tf,NFO,79607,,,,,226.00,-39.57,,1745209650,,,,,,,,,,,,2025-04-21 09:57:30.428
tf,NFO,79607,,,,,,,,1745209651,,,,270.29,1036200,,,225.75,226.20,75,75,2025-04-21 09:57:30.905
tf,NFO,79607,,,,,226.20,-39.52,,1745209651,,,,,,,,,,,,2025-04-21 09:57:31.424
tf,NFO,79607,,,,,,,,1745209653,,,,270.28,1036425,,,225.80,226.35,300,150,2025-04-21 09:57:32.786
tf,NFO,79607,,,,,226.75,-39.37,,1745209654,,,,,,,,,,,,2025-04-21 09:57:33.825
tf,NFO,79607,,,,,226.25,-39.51,,1745209654,,,,270.27,1036575,,,226.00,226.55,525,375,2025-04-21 09:57:34.300
tf,NFO,79607,,,,,226.20,-39.52,,1745209656,,,,270.26,1036950,,,225.75,226.25,150,75,2025-04-21 09:57:35.899
tf,NFO,79607,,,,,225.55,-39.69,,1745209656,,,,,,,,,,,,2025-04-21 09:57:36.030
tf,NFO,79607,,,,,225.65,-39.67,,1745209657,,,,,,,,,,,,2025-04-21 09:57:36.828
tf,NFO,79607,,,,,227.20,-39.25,,1745209657,,,,,,,,,,,,2025-04-21 09:57:37.431
tf,NFO,79607,,,,,,,,1745209657,,,,270.21,1038000,,,225.65,226.15,75,150,2025-04-21 09:57:37.486
tf,NFO,79607,,,,,225.40,-39.73,,1745209658,,,,,,161475,,,,,,2025-04-21 09:57:38.640
tf,NFO,79607,,,,,,,,1745209659,,,,,1038075,,,225.15,225.60,,300,2025-04-21 09:57:39.347
tf,NFO,79607,,,,,225.05,-39.83,,1745209660,,,,,,,,,,,,2025-04-21 09:57:39.834
tf,NFO,79607,,,,,225.75,-39.64,,1745209661,,,,,,,,,,,,2025-04-21 09:57:40.830
tf,NFO,79607,,,,,,,,1745209661,,,,270.15,1039500,,,225.55,226.10,225,525,2025-04-21 09:57:40.894
tf,NFO,79607,,,,,225.90,-39.60,,1745209661,,,,,,,,,,,,2025-04-21 09:57:41.434
tf,NFO,79607,,,,,,,,1745209662,,,,270.14,1039575,,,224.75,225.20,75,375,2025-04-21 09:57:42.525
tf,NFO,79607,,,,,225.00,-39.84,,1745209663,,,,,,,,,,,,2025-04-21 09:57:43.261
tf,NFO,79607,,,,,224.90,-39.87,,1745209663,,,,,,,,,,,,2025-04-21 09:57:43.638
tf,NFO,79607,,,,,,,,1745209664,,,,270.11,1040400,,,224.55,225.10,675,,2025-04-21 09:57:44.292
tf,NFO,79607,,,,,225.30,-39.76,,1745209665,,,,,,,,,,,,2025-04-21 09:57:45.344
tf,NFO,79607,,,,,224.80,-39.89,,1745209665,,,,,,,,,,,,2025-04-21 09:57:45.538
tf,NFO,79607,,,,,224.50,-39.97,,1745209666,,,,270.09,1040850,,,224.05,224.55,75,675,2025-04-21 09:57:45.933
tf,NFO,79607,,,,,223.65,-40.20,,1745209666,,,,,,,,,,,,2025-04-21 09:57:46.436
tf,NFO,79607,,,,,223.60,-40.21,,1745209667,,,,,,,,,,,,2025-04-21 09:57:47.439
tf,NFO,79607,,,,,,,,1745209667,,,,270.06,1041525,,,223.35,223.80,150,75,2025-04-21 09:57:47.527
tf,NFO,79607,,,,,223.70,-40.19,,1745209668,,,,,,,,,,,,2025-04-21 09:57:48.463
tf,NFO,79607,,,,,226.70,-39.39,,1745209669,,,,269.96,1043850,,,227.55,228.00,300,150,2025-04-21 09:57:49.301
tf,NFO,79607,,,,,228.00,-39.04,,1745209669,,,,,,,,,,,,2025-04-21 09:57:49.447
tf,NFO,79607,,,,,227.75,-39.10,,1745209670,,,,,,,,,,,,2025-04-21 09:57:50.434
tf,NFO,79607,,,,,227.85,-39.08,,1745209671,,,,269.94,1044300,,,227.35,227.80,75,300,2025-04-21 09:57:50.907
tf,NFO,79607,,,,,228.90,-38.80,,1745209671,,,,,,,,,,,,2025-04-21 09:57:51.445
tf,NFO,79607,,,,,229.40,-38.66,,1745209672,,,,,,,,,,,,2025-04-21 09:57:52.453
tf,NFO,79607,,,,,,,,1745209672,,,,269.92,1044825,,,228.30,228.80,150,450,2025-04-21 09:57:52.684
tf,NFO,79607,,,,,230.00,-38.50,,1745209673,,,,,,,,,,,,2025-04-21 09:57:53.504
tf,NFO,79607,,,,,,,,1745209674,,,,269.91,1045200,,,229.95,230.45,,150,2025-04-21 09:57:54.408
tf,NFO,79607,,,,,,,,1745209676,,,,269.90,1045425,,,228.70,229.25,,225,2025-04-21 09:57:55.939
tf,NFO,79607,,,,,229.45,-38.65,,1745209676,,,,,,,,,,,,2025-04-21 09:57:56.450
tf,NFO,79607,,,,,229.90,-38.53,,1745209677,,,,,,,,,,,,2025-04-21 09:57:57.444
tf,NFO,79607,,,,,,,,1745209677,,,,269.85,1046625,,,230.85,231.35,75,75,2025-04-21 09:57:57.549
tf,NFO,79607,,,,,231.00,-38.24,,1745209678,,,,,,,,,,,,2025-04-21 09:57:58.490
tf,NFO,79607,,,,,,,,1745209679,,,,,1046700,,,229.55,230.00,150,300,2025-04-21 09:57:59.317
tf,NFO,79607,,,,,228.50,-38.90,,1745209680,,,,,,,,,,,,2025-04-21 09:57:59.839
tf,NFO,79607,,,,,228.70,-38.85,,1745209680,,,,,,,,,,,,2025-04-21 09:58:00.454
tf,NFO,79607,,,,,229.25,-38.70,,1745209681,,,,269.79,1048275,,,228.75,229.30,525,75,2025-04-21 09:58:00.962
tf,NFO,79607,,,,,229.00,-38.77,,1745209682,,,,,,,,,,,,2025-04-21 09:58:02.444
tf,NFO,79607,,,,,,,,1745209682,,,,269.78,1048500,,,228.50,229.00,75,750,2025-04-21 09:58:02.558
tf,NFO,79607,,,,,226.50,-39.44,,1745209684,,,,,1048575,,,226.65,227.20,225,450,2025-04-21 09:58:04.326
tf,NFO,79607,,,,,226.25,-39.51,,1745209684,,,,,,,,,,,,2025-04-21 09:58:04.531
tf,NFO,79607,,,,,227.00,-39.30,,1745209685,,,,,,,,,,,,2025-04-21 09:58:05.851
tf,NFO,79607,,,,,,,,1745209686,,,,269.77,1048800,,,227.45,228.00,375,525,2025-04-21 09:58:06.010
tf,NFO,79607,,,,,227.75,-39.10,,1745209686,,,,,,,,,,,,2025-04-21 09:58:06.447
tf,NFO,79607,,,,,227.80,-39.09,,1745209687,,,,,,,,,,,,2025-04-21 09:58:07.448
tf,NFO,79607,,,,,,,,1745209687,,,,269.75,1049100,,,227.00,227.40,450,300,2025-04-21 09:58:07.566
tf,NFO,79607,,,,,226.00,-39.57,,1745209689,,,,,,,,,,,,2025-04-21 09:58:09.251
tf,NFO,79607,,,,,,,,1745209689,,,,,1049175,,,225.55,226.00,300,450,2025-04-21 09:58:09.332
tf,NFO,79607,,,,,225.70,-39.65,,1745209690,,,,,,,,,,,,2025-04-21 09:58:10.045
tf,NFO,79607,,,,,225.50,-39.71,,1745209690,,,,,,,,,,,,2025-04-21 09:58:10.489
tf,NFO,79607,,,,,224.60,-39.95,,1745209691,,,,269.72,1049925,,,223.75,224.20,75,300,2025-04-21 09:58:10.963
tf,NFO,79607,,,,,224.20,-40.05,,1745209691,,,,,,,,,,,,2025-04-21 09:58:11.461
tf,NFO,79607,,,,,223.80,-40.16,,1745209692,,,,,,,,,,,,2025-04-21 09:58:12.534
tf,NFO,79607,,,,,224.35,-40.01,,1745209692,,,,269.64,1051800,,,224.15,224.75,225,,2025-04-21 09:58:12.591
tf,NFO,79607,,,,,224.60,-39.95,,1745209693,,,,,,,,,,,,2025-04-21 09:58:13.461
tf,NFO,79607,,,,,223.80,-40.16,,1745209694,,,,269.60,1052775,,,223.55,224.00,75,375,2025-04-21 09:58:14.344
tf,NFO,79607,,,,,,,,1745209696,,,,,,,,223.75,224.05,150,75,2025-04-21 09:58:15.945
tf,NFO,79607,,,,,224.25,-40.04,,1745209696,,,,,,,,,,,,2025-04-21 09:58:16.047
tf,NFO,79607,,,,,223.70,-40.19,,1745209697,,,,,,,,,,,,2025-04-21 09:58:18.299
tf,NFO,79607,,,,,224.05,-40.09,,1745209697,,,,269.58,1053075,,,223.65,224.15,300,,2025-04-21 09:58:18.309
tf,NFO,79607,,,,,224.25,-40.04,,1745209698,,,,,,,,,,,,2025-04-21 09:58:18.473
tf,NFO,79607,,,,,223.30,-40.29,,1745209699,,,,269.49,1055250,,,223.80,224.35,375,,2025-04-21 09:58:19.347
tf,NFO,79607,,,,,224.35,-40.01,,1745209700,,,,,,,,,,,,2025-04-21 09:58:20.452
tf,NFO,79607,,,,,224.50,-39.97,,1745209701,,,,269.47,1055625,,,224.35,224.75,450,300,2025-04-21 09:58:20.955
tf,NFO,79607,,,,,224.80,-39.89,,1745209701,,,,,,,,,,,,2025-04-21 09:58:21.457
tf,NFO,79607,,,,,224.20,-40.05,,1745209702,,,,269.45,1056225,,,,224.95,300,150,2025-04-21 09:58:22.560
tf,NFO,79607,,,,,225.00,-39.84,,1745209703,,,,,,,,,,,,2025-04-21 09:58:22.657
tf,NFO,79607,,,,,224.90,-39.87,,1745209704,,,,,,,,,,,,2025-04-21 09:58:23.854
tf,NFO,79607,,,,,,,,1745209704,,,,269.44,1056450,,,223.80,224.30,75,,2025-04-21 09:58:24.580
