t,e,tk,ts,pp,ls,ti,lp,pc,c,ft,o,h,l,ap,v,oi,poi,bp1,sp1,bq1,sq1,received_timestamp
tk,NFO,79608,NIFTY24APR25C24200,2,75,0.05,83.15,38.12,60.20,1745209404,63.50,90.80,58.60,74.43,24876150,4371075,2664450,83.35,83.55,1050,375,2025-04-21 09:53:24.039
tf,NFO,79608,,,,,82.95,37.79,,1745209405,,,,74.44,24898875,,,82.70,82.90,150,2325,2025-04-21 09:53:24.640
tf,NFO,79608,,,,,82.70,37.38,,1745209405,,,,,,,,,,,,2025-04-21 09:53:24.925
tf,NFO,79608,,,,,82.15,36.46,,1745209406,,,,,,,,,,,,2025-04-21 09:53:26.043
tf,NFO,79608,,,,,82.20,36.54,,1745209406,,,,74.45,24914700,,,82.00,82.20,375,1800,2025-04-21 09:53:26.235
tf,NFO,79608,,,,,82.30,36.71,,1745209407,,,,,,,,,,,,2025-04-21 09:53:27.023
tf,NFO,79608,,,,,81.60,35.55,,1745209408,,,,,,,,,,,,2025-04-21 09:53:28.038
tf,NFO,79608,,,,,81.50,35.38,,1745209408,,,,,24933900,,,81.50,81.70,1125,75,2025-04-21 09:53:28.066
tf,NFO,79608,,,,,81.90,36.05,,1745209409,,,,,,,,,,,,2025-04-21 09:53:28.922
tf,NFO,79608,,,,,81.65,35.63,,1745209410,,,,74.46,24953025,,,81.65,81.80,900,,2025-04-21 09:53:29.645
tf,NFO,79608,,,,,81.35,35.13,,1745209410,,,,,,,,,,,,2025-04-21 09:53:29.930
tf,NFO,79608,,,,,82.05,36.30,,1745209411,,,,,,,,,,,,2025-04-21 09:53:30.926
tf,NFO,79608,,,,,82.30,36.71,,1745209411,,,,,24961350,,,82.10,82.35,1650,900,2025-04-21 09:53:31.249
tf,NFO,79608,,,,,82.55,37.13,,1745209412,,,,,,,,,,,,2025-04-21 09:53:31.930
tf,NFO,79608,,,,,81.75,35.80,,1745209413,,,,,,,,,,,,2025-04-21 09:53:32.985
tf,NFO,79608,,,,,,,,1745209413,,,,,24968250,,,81.55,81.75,225,1125,2025-04-21 09:53:33.076
tf,NFO,79608,,,,,81.50,35.38,,1745209414,,,,,,,,,,,,2025-04-21 09:53:33.975
tf,NFO,79608,,,,,82.50,37.04,,1745209415,,,,74.47,24977025,,,82.30,82.55,1350,1200,2025-04-21 09:53:34.647
tf,NFO,79608,,,,,82.30,36.71,,1745209415,,,,,,,,,,,,2025-04-21 09:53:34.935
tf,NFO,79608,,,,,82.00,36.21,,1745209416,,,,,,,,,,,,2025-04-21 09:53:35.935
tf,NFO,79608,,,,,82.20,36.54,,1745209416,,,,,24991125,,,81.95,82.20,750,2325,2025-04-21 09:53:36.254
tf,NFO,79608,,,,,82.45,36.96,,1745209417,,,,,,,,,,,,2025-04-21 09:53:36.931
tf,NFO,79608,,,,,82.05,36.30,,1745209418,,,,,,,,,,,,2025-04-21 09:53:37.948
tf,NFO,79608,,,,,82.10,36.38,,1745209418,,,,,24998775,,,82.20,82.35,525,150,2025-04-21 09:53:38.049
tf,NFO,79608,,,,,82.75,37.46,,1745209419,,,,,,,,,,,,2025-04-21 09:53:38.937
tf,NFO,79608,,,,,82.90,37.71,,1745209420,,,,,25005075,,,82.75,82.95,675,600,2025-04-21 09:53:39.954
tf,NFO,79608,,,,,82.85,37.62,,1745209420,,,,,,,,,,,,2025-04-21 09:53:40.152
tf,NFO,79608,,,,,83.40,38.54,,1745209421,,,,,,,,,,,,2025-04-21 09:53:40.937
tf,NFO,79608,,,,,83.65,38.95,,1745209421,,,,74.48,25012875,,,83.45,83.65,,675,2025-04-21 09:53:41.261
tf,NFO,79608,,,,,83.20,38.21,,1745209422,,,,,,,,,,,,2025-04-21 09:53:41.935
tf,NFO,79608,,,,,82.75,37.46,,1745209423,,,,,,,,,,,,2025-04-21 09:53:42.954
tf,NFO,79608,,,,,83.00,37.87,,1745209423,,,,,25027125,,,82.60,82.70,150,75,2025-04-21 09:53:43.056
tf,NFO,79608,,,,,82.00,36.21,,1745209424,,,,,,,,,,,,2025-04-21 09:53:43.937
tf,NFO,79608,,,,,82.85,37.62,,1745209425,,,,,25034850,,,82.85,83.00,825,600,2025-04-21 09:53:44.670
tf,NFO,79608,,,,,82.10,36.38,,1745209426,,,,,,,,,,,,2025-04-21 09:53:46.013
tf,NFO,79608,,,,,82.20,36.54,,1745209426,,,,74.49,25040400,,,82.25,82.45,1050,450,2025-04-21 09:53:46.294
tf,NFO,79608,,,,,82.40,36.88,,1745209427,,,,,,,,,,,,2025-04-21 09:53:46.943
tf,NFO,79608,,,,,82.80,37.54,,1745209428,,,,,,,,,,,,2025-04-21 09:53:47.968
tf,NFO,79608,,,,,82.40,36.88,,1745209428,,,,,25047600,,,82.40,82.60,1125,1275,2025-04-21 09:53:48.063
tf,NFO,79608,,,,,82.45,36.96,,1745209429,,,,,,,,,,,,2025-04-21 09:53:48.938
tf,NFO,79608,,,,,82.80,37.54,,1745209430,,,,,25054875,,,82.80,82.95,150,150,2025-04-21 09:53:49.666
tf,NFO,79608,,,,,82.85,37.62,,1745209430,,,,,,,,,,,,2025-04-21 09:53:49.939
tf,NFO,79608,,,,,82.70,37.38,,1745209431,,,,,,,,,,,,2025-04-21 09:53:50.940
tf,NFO,79608,,,,,82.80,37.54,,1745209431,,,,,25066125,,,82.55,82.75,,825,2025-04-21 09:53:51.275
tf,NFO,79608,,,,,83.05,37.96,,1745209432,,,,,,,,,,,,2025-04-21 09:53:51.951
tf,NFO,79608,,,,,82.65,37.29,,1745209433,,,,74.50,25074375,,,82.40,82.60,525,2925,2025-04-21 09:53:52.886
tf,NFO,79608,,,,,82.40,36.88,,1745209434,,,,,,,,,,,,2025-04-21 09:53:53.968
tf,NFO,79608,,,,,,,,1745209435,,,,,25081650,,,82.15,82.30,225,150,2025-04-21 09:53:54.696
tf,NFO,79608,,,,,82.45,36.96,,1745209436,,,,,,,,,,,,2025-04-21 09:53:55.943
tf,NFO,79608,,,,,82.75,37.46,,1745209436,,,,,25089975,,,82.55,82.75,600,975,2025-04-21 09:53:56.284
tf,NFO,79608,,,,,82.40,36.88,,1745209437,,,,,,,,,,,,2025-04-21 09:53:56.947
tf,NFO,79608,,,,,81.85,35.96,,1745209438,,,,,25096200,,,81.90,82.10,375,1725,2025-04-21 09:53:57.885
tf,NFO,79608,,,,,82.10,36.38,,1745209438,,,,,,,,,,,,2025-04-21 09:53:57.948
tf,NFO,79608,,,,,82.30,36.71,,1745209439,,,,,,,,,,,,2025-04-21 09:53:58.978
tf,NFO,79608,,,,,82.80,37.54,,1745209440,,,,74.51,25100625,,,82.75,82.85,,75,2025-04-21 09:53:59.787
tf,NFO,79608,,,,,82.85,37.62,,1745209440,,,,,,,,,,,,2025-04-21 09:53:59.987
tf,NFO,79608,,,,,82.65,37.29,,1745209441,,,,,,,,,,,,2025-04-21 09:54:01.033
tf,NFO,79608,,,,,82.10,36.38,,1745209441,,,,,25107000,,,82.10,82.30,900,1125,2025-04-21 09:54:01.294
tf,NFO,79608,,,,,82.20,36.54,,1745209442,,,,,,,,,,,,2025-04-21 09:54:02.029
tf,NFO,79608,,,,,82.60,37.21,,1745209443,,,,,25112700,,,82.45,82.60,450,450,2025-04-21 09:54:02.898
tf,NFO,79608,,,,,82.10,36.38,,1745209444,,,,,,,,,,,,2025-04-21 09:54:03.964
tf,NFO,79608,,,,,,,,1745209445,,,,,25115700,,,81.90,82.10,975,975,2025-04-21 09:54:04.699
tf,NFO,79608,,,,,81.85,35.96,,1745209445,,,,,,,,,,,,2025-04-21 09:54:04.957
tf,NFO,79608,,,,,81.55,35.47,,1745209446,,,,,,,,,,,,2025-04-21 09:54:05.956
tf,NFO,79608,,,,,81.50,35.38,,1745209446,,,,,25125150,,,81.50,81.65,4350,300,2025-04-21 09:54:06.348
tf,NFO,79608,,,,,82.40,36.88,,1745209448,,,,74.52,25138800,,,82.25,82.45,1500,225,2025-04-21 09:54:07.898
tf,NFO,79608,,,,,82.00,36.21,,1745209449,,,,,,,,,,,,2025-04-21 09:54:08.950
tf,NFO,79608,,,,,82.40,36.88,,1745209450,,,,,25146450,,,81.95,82.15,525,1200,2025-04-21 09:54:09.703
tf,NFO,79608,,,,,81.65,35.63,,1745209450,,,,,,,,,,,,2025-04-21 09:54:09.953
tf,NFO,79608,,,,,81.95,36.13,,1745209451,,,,,,,,,,,,2025-04-21 09:54:10.954
tf,NFO,79608,,,,,82.05,36.30,,1745209451,,,,,25153650,,,81.75,81.95,375,375,2025-04-21 09:54:11.302
tf,NFO,79608,,,,,81.80,35.88,,1745209452,,,,,,,,,,,,2025-04-21 09:54:11.953
tf,NFO,79608,,,,,81.25,34.97,,1745209453,,,,74.53,25168575,,,81.10,81.25,225,600,2025-04-21 09:54:12.930
tf,NFO,79608,,,,,81.40,35.22,,1745209454,,,,,,,,,,,,2025-04-21 09:54:13.982
tf,NFO,79608,,,,,81.55,35.47,,1745209455,,,,,25181550,,,81.55,81.75,1275,675,2025-04-21 09:54:14.718
tf,NFO,79608,,,,,81.40,35.22,,1745209455,,,,,,,,,,,,2025-04-21 09:54:15.058
tf,NFO,79608,,,,,81.80,35.88,,1745209456,,,,,,,,,,,,2025-04-21 09:54:15.958
tf,NFO,79608,,,,,82.30,36.71,,1745209456,,,,,25185225,,,82.05,82.20,1350,300,2025-04-21 09:54:16.337
tf,NFO,79608,,,,,82.05,36.30,,1745209457,,,,,,,,,,,,2025-04-21 09:54:17.044
tf,NFO,79608,,,,,82.15,36.46,,1745209458,,,,,25193250,,,,82.25,1725,375,2025-04-21 09:54:17.914
tf,NFO,79608,,,,,82.50,37.04,,1745209459,,,,,,,,,,,,2025-04-21 09:54:19.117
tf,NFO,79608,,,,,83.40,38.54,,1745209460,,,,74.54,25204350,,,83.30,83.50,1950,600,2025-04-21 09:54:20.118
tf,NFO,79608,,,,,83.50,38.70,,1745209460,,,,,,,,,,,,2025-04-21 09:54:20.133
tf,NFO,79608,,,,,82.70,37.38,,1745209461,,,,,,,,,,,,2025-04-21 09:54:21.036
tf,NFO,79608,,,,,83.10,38.04,,1745209461,,,,,25210575,,,83.10,83.35,1425,1800,2025-04-21 09:54:21.410
tf,NFO,79608,,,,,82.80,37.54,,1745209463,,,,,25218000,,,82.80,82.90,225,75,2025-04-21 09:54:22.926
tf,NFO,79608,,,,,83.20,38.21,,1745209464,,,,,,,,,,,,2025-04-21 09:54:24.033
tf,NFO,79608,,,,,83.00,37.87,,1745209465,,,,,25227675,,,,83.00,2475,375,2025-04-21 09:54:24.759
tf,NFO,79608,,,,,82.85,37.62,,1745209465,,,,,,,,,,,,2025-04-21 09:54:24.962
tf,NFO,79608,,,,,82.60,37.21,,1745209466,,,,,,,,,,,,2025-04-21 09:54:26.036
tf,NFO,79608,,,,,,,,1745209466,,,,74.55,25232100,,,82.55,82.80,825,2850,2025-04-21 09:54:26.615
tf,NFO,79608,,,,,82.95,37.79,,1745209467,,,,,,,,,,,,2025-04-21 09:54:26.963
tf,NFO,79608,,,,,82.25,36.63,,1745209468,,,,,25238700,,,82.20,82.30,150,150,2025-04-21 09:54:27.933
tf,NFO,79608,,,,,82.75,37.46,,1745209469,,,,,,,,,,,,2025-04-21 09:54:28.963
tf,NFO,79608,,,,,83.25,38.29,,1745209470,,,,,25246050,,,83.00,83.20,450,2475,2025-04-21 09:54:29.730
tf,NFO,79608,,,,,82.45,36.96,,1745209470,,,,,,,,,,,,2025-04-21 09:54:30.031
tf,NFO,79608,,,,,83.00,37.87,,1745209471,,,,,,,,,,,,2025-04-21 09:54:30.964
tf,NFO,79608,,,,,82.55,37.13,,1745209471,,,,,25251975,,,82.45,82.60,600,300,2025-04-21 09:54:31.341
tf,NFO,79608,,,,,82.80,37.54,,1745209472,,,,,,,,,,,,2025-04-21 09:54:32.031
tf,NFO,79608,,,,,82.00,36.21,,1745209473,,,,74.56,25264725,,,81.85,82.05,,,2025-04-21 09:54:32.960
tf,NFO,79608,,,,,82.10,36.38,,1745209473,,,,,,,,,,,,2025-04-21 09:54:32.970
tf,NFO,79608,,,,,82.65,37.29,,1745209474,,,,,,,,,,,,2025-04-21 09:54:34.050
tf,NFO,79608,,,,,82.70,37.38,,1745209475,,,,,25269675,,,82.50,82.70,750,375,2025-04-21 09:54:34.815
tf,NFO,79608,,,,,82.55,37.13,,1745209475,,,,,,,,,,,,2025-04-21 09:54:35.012
tf,NFO,79608,,,,,82.20,36.54,,1745209476,,,,,,,,,,,,2025-04-21 09:54:35.967
tf,NFO,79608,,,,,82.65,37.29,,1745209476,,,,,25275075,,,82.75,82.90,75,225,2025-04-21 09:54:36.342
tf,NFO,79608,,,,,83.00,37.87,,1745209477,,,,,,,,,,,,2025-04-21 09:54:36.977
tf,NFO,79608,,,,,82.20,36.54,,1745209478,,,,,25282950,,,82.20,82.45,1200,975,2025-04-21 09:54:37.952
tf,NFO,79608,,,,,82.25,36.63,,1745209478,,,,,,4464675,,,,,,2025-04-21 09:54:37.977
tf,NFO,79608,,,,,82.55,37.13,,1745209479,,,,,,,,,,,,2025-04-21 09:54:39.056
tf,NFO,79608,,,,,83.00,37.87,,1745209480,,,,,25290300,,,82.70,82.90,75,1575,2025-04-21 09:54:39.747
tf,NFO,79608,,,,,82.65,37.29,,1745209480,,,,,,,,,,,,2025-04-21 09:54:39.972
tf,NFO,79608,,,,,82.85,37.62,,1745209481,,,,,,,,,,,,2025-04-21 09:54:40.973
tf,NFO,79608,,,,,83.00,37.87,,1745209481,,,,74.57,25298400,,,82.90,83.00,375,75,2025-04-21 09:54:41.343
tf,NFO,79608,,,,,82.95,37.79,,1745209482,,,,,,,,,,,,2025-04-21 09:54:41.974
tf,NFO,79608,,,,,83.00,37.87,,1745209483,,,,,25303575,,,,,750,225,2025-04-21 09:54:42.956
tf,NFO,79608,,,,,82.50,37.04,,1745209484,,,,,,,,,,,,2025-04-21 09:54:43.979
tf,NFO,79608,,,,,82.80,37.54,,1745209485,,,,,25309275,,,82.60,82.80,1575,,2025-04-21 09:54:44.746
tf,NFO,79608,,,,,82.70,37.38,,1745209485,,,,,,,,,,,,2025-04-21 09:54:44.973
tf,NFO,79608,,,,,83.00,37.87,,1745209486,,,,,,,,,,,,2025-04-21 09:54:46.063
tf,NFO,79608,,,,,,,,1745209486,,,,,25314975,,,82.80,83.00,450,1575,2025-04-21 09:54:46.489
tf,NFO,79608,,,,,82.45,36.96,,1745209487,,,,,,,,,,,,2025-04-21 09:54:47.004
tf,NFO,79608,,,,,82.85,37.62,,1745209488,,,,74.58,25322850,,,,,1275,825,2025-04-21 09:54:47.966
tf,NFO,79608,,,,,83.15,38.12,,1745209489,,,,,,,,,,,,2025-04-21 09:54:48.979
tf,NFO,79608,,,,,83.10,38.04,,1745209490,,,,,25328700,,,82.90,83.10,75,2625,2025-04-21 09:54:49.762
tf,NFO,79608,,,,,82.90,37.71,,1745209490,,,,,,,,,,,,2025-04-21 09:54:49.979
tf,NFO,79608,,,,,83.10,38.04,,1745209491,,,,,,,,,,,,2025-04-21 09:54:50.984
tf,NFO,79608,,,,,83.15,38.12,,1745209491,,,,,25335900,,,82.70,82.85,150,375,2025-04-21 09:54:51.367
tf,NFO,79608,,,,,82.90,37.71,,1745209492,,,,,,,,,,,,2025-04-21 09:54:52.014
tf,NFO,79608,,,,,83.85,39.29,,1745209493,,,,74.59,25357575,,,83.65,83.85,375,975,2025-04-21 09:54:53.032
tf,NFO,79608,,,,,83.80,39.20,,1745209494,,,,,,,,,,,,2025-04-21 09:54:53.999
tf,NFO,79608,,,,,84.00,39.53,,1745209495,,,,,25377375,,,83.85,84.10,1575,1500,2025-04-21 09:54:54.764
tf,NFO,79608,,,,,83.85,39.29,,1745209495,,,,,,,,,,,,2025-04-21 09:54:54.988
tf,NFO,79608,,,,,83.30,38.37,,1745209496,,,,,,,,,,,,2025-04-21 09:54:55.990
tf,NFO,79608,,,,,83.85,39.29,,1745209496,,,,74.60,25393500,,,83.65,83.85,1350,1125,2025-04-21 09:54:56.366
tf,NFO,79608,,,,,83.50,38.70,,1745209497,,,,,,,,,,,,2025-04-21 09:54:56.990
tf,NFO,79608,,,,,,,,1745209498,,,,,25401075,,,83.25,83.45,525,750,2025-04-21 09:54:58.092
tf,NFO,79608,,,,,83.70,39.04,,1745209499,,,,,,,,,,,,2025-04-21 09:54:59.110
tf,NFO,79608,,,,,84.20,39.87,,1745209500,,,,74.61,25412700,,,84.10,84.30,1800,600,2025-04-21 09:55:00.017
tf,NFO,79608,,,,,83.95,39.45,,1745209500,,,,,,,,,,,,2025-04-21 09:55:00.032
tf,NFO,79608,,,,,83.70,39.04,,1745209501,,,,,,,,,,,,2025-04-21 09:55:00.994
tf,NFO,79608,,,,,83.65,38.95,,1745209501,,,,,25433550,,,83.45,83.70,975,1650,2025-04-21 09:55:01.372
tf,NFO,79608,,,,,83.45,38.62,,1745209502,,,,,,,,,,,,2025-04-21 09:55:01.984
tf,NFO,79608,,,,,83.10,38.04,,1745209503,,,,74.62,25449900,,,83.20,83.35,300,75,2025-04-21 09:55:02.981
tf,NFO,79608,,,,,83.00,37.87,,1745209504,,,,,,,,,,,,2025-04-21 09:55:04.006
tf,NFO,79608,,,,,83.85,39.29,,1745209505,,,,,25459650,,,83.65,83.90,525,2250,2025-04-21 09:55:04.788
tf,NFO,79608,,,,,83.70,39.04,,1745209506,,,,,,,,,,,,2025-04-21 09:55:06.137
tf,NFO,79608,,,,,83.55,38.79,,1745209506,,,,74.63,25467375,,,83.35,83.50,75,450,2025-04-21 09:55:06.382
tf,NFO,79608,,,,,84.00,39.53,,1745209507,,,,,,,,,,,,2025-04-21 09:55:06.992
tf,NFO,79608,,,,,84.05,39.62,,1745209508,,,,,25476600,,,84.00,84.20,600,1425,2025-04-21 09:55:08.070
tf,NFO,79608,,,,,84.25,39.95,,1745209509,,,,,,,,,,,,2025-04-21 09:55:08.996
tf,NFO,79608,,,,,84.10,39.70,,1745209510,,,,,25488600,,,83.95,84.15,825,375,2025-04-21 09:55:09.790
tf,NFO,79608,,,,,83.60,38.87,,1745209510,,,,,,,,,,,,2025-04-21 09:55:09.994
tf,NFO,79608,,,,,84.20,39.87,,1745209511,,,,,,,,,,,,2025-04-21 09:55:11.000
tf,NFO,79608,,,,,84.80,40.86,,1745209511,,,,74.64,25500750,,,84.60,84.75,525,,2025-04-21 09:55:11.388
tf,NFO,79608,,,,,84.35,40.12,,1745209512,,,,,,,,,,,,2025-04-21 09:55:12.151
tf,NFO,79608,,,,,84.05,39.62,,1745209513,,,,,,,,,,,,2025-04-21 09:55:13.109
tf,NFO,79608,,,,,84.25,39.95,,1745209513,,,,74.65,25523325,,,84.00,84.20,600,450,2025-04-21 09:55:13.145
tf,NFO,79608,,,,,84.70,40.70,,1745209514,,,,,,,,,,,,2025-04-21 09:55:14.006
tf,NFO,79608,,,,,85.45,41.94,,1745209515,,,,74.67,25573575,,,85.40,85.55,75,75,2025-04-21 09:55:14.795
tf,NFO,79608,,,,,85.15,41.45,,1745209515,,,,,,,,,,,,2025-04-21 09:55:15.194
tf,NFO,79608,,,,,85.55,42.11,,1745209516,,,,,,,,,,,,2025-04-21 09:55:15.996
tf,NFO,79608,,,,,85.40,41.86,,1745209516,,,,74.68,25608150,,,85.35,85.60,1050,1275,2025-04-21 09:55:16.400
tf,NFO,79608,,,,,88.70,47.34,,1745209517,,,,,,,,,,,,2025-04-21 09:55:17.210
tf,NFO,79608,,,,,89.30,48.34,,1745209518,,,,74.74,25721250,,,89.20,89.45,600,375,2025-04-21 09:55:18.000
tf,NFO,79608,,,,,89.20,48.17,,1745209518,,,,,,,,,,,,2025-04-21 09:55:18.196
tf,NFO,79608,,,,,89.30,48.34,,1745209519,,,,,,,,,,,,2025-04-21 09:55:19.039
tf,NFO,79608,,,,,89.00,47.84,,1745209520,,,,74.76,25763475,,,88.65,88.85,150,300,2025-04-21 09:55:19.901
tf,NFO,79608,,,,,88.70,47.34,,1745209520,,,,,,,,,,,,2025-04-21 09:55:20.003
tf,NFO,79608,,,,,89.25,48.26,,1745209521,,,,,,,,,,,,2025-04-21 09:55:21.002
tf,NFO,79608,,,,,89.85,49.25,,1745209521,,,,74.81,25839300,,,89.65,89.85,375,1275,2025-04-21 09:55:21.409
tf,NFO,79608,,,,,90.25,49.92,,1745209522,,,,,,,,,,,,2025-04-21 09:55:21.999
tf,NFO,79608,,,,,91.45,51.91,,1745209523,,91.65,,74.85,25915650,,,91.40,91.50,150,150,2025-04-21 09:55:23.028
tf,NFO,79608,,,,,91.00,51.16,,1745209523,,,,,,,,,,,,2025-04-21 09:55:23.200
tf,NFO,79608,,,,,91.10,51.33,,1745209524,,,,,,,,,,,,2025-04-21 09:55:24.038
tf,NFO,79608,,,,,91.60,52.16,,1745209525,,91.90,,74.89,25973550,,,91.35,91.55,300,,2025-04-21 09:55:24.810
tf,NFO,79608,,,,,91.85,52.57,,1745209525,,,,,,,,,,,,2025-04-21 09:55:25.030
tf,NFO,79608,,,,,90.75,50.75,,1745209526,,,,,,,,,,,,2025-04-21 09:55:26.083
tf,NFO,79608,,,,,91.10,51.33,,1745209526,,,,74.92,26022750,,,91.10,91.30,225,300,2025-04-21 09:55:26.459
tf,NFO,79608,,,,,92.50,53.65,,1745209527,,,,,,,,,,,,2025-04-21 09:55:27.011
tf,NFO,79608,,,,,91.00,51.16,,1745209528,,92.60,,74.96,26082900,,,90.95,91.15,450,450,2025-04-21 09:55:28.053
tf,NFO,79608,,,,,91.45,51.91,,1745209528,,,,,,,,,,,,2025-04-21 09:55:28.199
tf,NFO,79608,,,,,91.65,52.24,,1745209529,,,,,,,,,,,,2025-04-21 09:55:28.999
tf,NFO,79608,,,,,90.95,51.08,,1745209530,,,,74.99,26128125,,,90.70,90.90,300,825,2025-04-21 09:55:29.831
tf,NFO,79608,,,,,90.40,50.17,,1745209530,,,,,,,,,,,,2025-04-21 09:55:30.015
tf,NFO,79608,,,,,91.80,52.49,,1745209531,,,,,,,,,,,,2025-04-21 09:55:31.003
tf,NFO,79608,,,,,91.70,52.33,,1745209531,,,,75.01,26166675,,,91.70,91.85,375,150,2025-04-21 09:55:31.419
tf,NFO,79608,,,,,91.45,51.91,,1745209532,,,,,,,,,,,,2025-04-21 09:55:32.107
tf,NFO,79608,,,,,91.55,52.08,,1745209533,,,,75.03,26192550,,,91.60,91.75,675,300,2025-04-21 09:55:33.062
tf,NFO,79608,,,,,91.60,52.16,,1745209534,,,,,,,,,,,,2025-04-21 09:55:34.005
tf,NFO,79608,,,,,,,,1745209535,,,,75.05,26230350,,,91.40,91.60,1950,375,2025-04-21 09:55:34.834
tf,NFO,79608,,,,,90.70,50.66,,1745209535,,,,,,,,,,,,2025-04-21 09:55:35.028
tf,NFO,79608,,,,,89.90,49.34,,1745209536,,,,,,,,,,,,2025-04-21 09:55:36.014
tf,NFO,79608,,,,,89.70,49.00,,1745209536,,,,75.08,26275275,,,89.80,89.95,375,,2025-04-21 09:55:36.429
tf,NFO,79608,,,,,90.35,50.08,,1745209537,,,,,,,,,,,,2025-04-21 09:55:37.035
tf,NFO,79608,,,,,91.15,51.41,,1745209538,,,,,,,,,,,,2025-04-21 09:55:38.012
tf,NFO,79608,,,,,91.30,51.66,,1745209538,,,,75.10,26306100,,,91.25,91.35,600,150,2025-04-21 09:55:38.038
tf,NFO,79608,,,,,90.75,50.75,,1745209539,,,,,,,,,,,,2025-04-21 09:55:39.133
tf,NFO,79608,,,,,91.15,51.41,,1745209540,,,,75.11,26329875,,,91.15,91.30,1050,75,2025-04-21 09:55:39.761
tf,NFO,79608,,,,,91.10,51.33,,1745209540,,,,,,,,,,,,2025-04-21 09:55:40.137
tf,NFO,79608,,,,,91.25,51.58,,1745209541,,,,,,,,,,,,2025-04-21 09:55:41.010
tf,NFO,79608,,,,,91.35,51.74,,1745209541,,,,75.12,26351700,,,91.10,,1125,,2025-04-21 09:55:41.432
tf,NFO,79608,,,,,91.45,51.91,,1745209542,,,,,,,,,,,,2025-04-21 09:55:42.064
tf,NFO,79608,,,,,92.45,53.57,,1745209543,,,,,,,,,,,,2025-04-21 09:55:43.019
tf,NFO,79608,,,,,92.40,53.49,,1745209543,,,,75.14,26372700,,,92.40,92.55,75,,2025-04-21 09:55:43.059
tf,NFO,79608,,,,,92.55,53.74,,1745209544,,,,,,,,,,,,2025-04-21 09:55:44.213
tf,NFO,79608,,,,,91.75,52.41,,1745209545,,92.90,,75.15,26388375,,,91.80,92.05,1725,600,2025-04-21 09:55:44.640
tf,NFO,79608,,,,,91.40,51.83,,1745209545,,,,,,,,,,,,2025-04-21 09:55:45.073
tf,NFO,79608,,,,,90.70,50.66,,1745209546,,,,,,,,,,,,2025-04-21 09:55:46.074
tf,NFO,79608,,,,,91.05,51.25,,1745209546,,,,75.17,26432550,,,90.85,91.05,300,150,2025-04-21 09:55:46.494
tf,NFO,79608,,,,,91.30,51.66,,1745209547,,,,,,,,,,,,2025-04-21 09:55:47.018
tf,NFO,79608,,,,,91.00,51.16,,1745209548,,,,,,,,,,,,2025-04-21 09:55:48.014
tf,NFO,79608,,,,,,,,1745209548,,,,75.19,26454675,,,,,600,450,2025-04-21 09:55:48.043
tf,NFO,79608,,,,,91.20,51.50,,1745209549,,,,,,,,,,,,2025-04-21 09:55:49.018
tf,NFO,79608,,,,,91.50,51.99,,1745209550,,,,75.20,26470125,,,91.25,91.45,225,150,2025-04-21 09:55:49.648
tf,NFO,79608,,,,,91.25,51.58,,1745209550,,,,,,,,,,,,2025-04-21 09:55:50.017
tf,NFO,79608,,,,,91.60,52.16,,1745209551,,,,,,,,,,,,2025-04-21 09:55:51.016
tf,NFO,79608,,,,,90.90,51.00,,1745209551,,,,75.22,26503500,,,90.85,91.05,,675,2025-04-21 09:55:51.449
tf,NFO,79608,,,,,90.95,51.08,,1745209552,,,,,,,,,,,,2025-04-21 09:55:52.051
tf,NFO,79608,,,,,89.80,49.17,,1745209553,,,,,,,,,,,,2025-04-21 09:55:53.044
tf,NFO,79608,,,,,89.95,49.42,,1745209553,,,,75.23,26534775,,,89.75,89.95,,1950,2025-04-21 09:55:53.073
tf,NFO,79608,,,,,89.00,47.84,,1745209554,,,,,,,,,,,,2025-04-21 09:55:54.017
tf,NFO,79608,,,,,89.20,48.17,,1745209555,,,,75.25,26561100,,,89.00,89.20,375,1575,2025-04-21 09:55:54.656
tf,NFO,79608,,,,,89.50,48.67,,1745209555,,,,,,,,,,,,2025-04-21 09:55:55.029
tf,NFO,79608,,,,,89.15,48.09,,1745209556,,,,,,,,,,,,2025-04-21 09:55:56.021
tf,NFO,79608,,,,,88.85,47.59,,1745209556,,,,75.26,26584500,,,88.70,88.90,1500,1125,2025-04-21 09:55:56.459
tf,NFO,79608,,,,,88.65,47.26,,1745209557,,,,,,,,,,,,2025-04-21 09:55:57.020
tf,NFO,79608,,,,,89.00,47.84,,1745209558,,,,,,,,,,,,2025-04-21 09:55:58.019
tf,NFO,79608,,,,,88.95,47.76,,1745209558,,,,75.28,26614050,,,88.75,88.95,1425,225,2025-04-21 09:55:58.074
tf,NFO,79608,,,,,86.70,44.02,,1745209559,,,,,,,,,,,,2025-04-21 09:55:59.020
tf,NFO,79608,,,,,85.90,42.69,,1745209560,,,,75.31,26689200,,,85.75,86.00,675,1425,2025-04-21 09:55:59.662
tf,NFO,79608,,,,,85.20,41.53,,1745209560,,,,,,,,,,,,2025-04-21 09:56:00.032
tf,NFO,79608,,,,,86.30,43.36,,1745209561,,,,,,,,,,,,2025-04-21 09:56:01.067
tf,NFO,79608,,,,,86.50,43.69,,1745209561,,,,75.34,26774325,,,86.50,86.70,300,,2025-04-21 09:56:01.464
tf,NFO,79608,,,,,86.60,43.85,,1745209562,,,,,,,,,,,,2025-04-21 09:56:02.025
tf,NFO,79608,,,,,86.40,43.52,,1745209563,,,,,,,,,,,,2025-04-21 09:56:03.024
tf,NFO,79608,,,,,86.35,43.44,,1745209563,,,,75.35,26791500,,,86.15,86.40,750,2250,2025-04-21 09:56:03.068
tf,NFO,79608,,,,,85.65,42.28,,1745209564,,,,,,,,,,,,2025-04-21 09:56:04.025
tf,NFO,79608,,,,,85.85,42.61,,1745209565,,,,,26806050,,,85.65,85.85,675,225,2025-04-21 09:56:04.673
tf,NFO,79608,,,,,86.35,43.44,,1745209565,,,,,,,,,,,,2025-04-21 09:56:05.139
tf,NFO,79608,,,,,86.20,43.19,,1745209566,,,,,,,,,,,,2025-04-21 09:56:06.151
tf,NFO,79608,,,,,86.05,42.94,,1745209566,,,,75.36,26818650,,,86.00,86.25,2625,1125,2025-04-21 09:56:06.476
tf,NFO,79608,,,,,86.75,44.10,,1745209567,,,,,,,,,,,,2025-04-21 09:56:07.027
tf,NFO,79608,,,,,87.50,45.35,,1745209568,,,,,,,,,,,,2025-04-21 09:56:08.032
tf,NFO,79608,,,,,,,,1745209568,,,,75.37,26832600,,,87.40,87.50,75,75,2025-04-21 09:56:08.079
tf,NFO,79608,,,,,88.35,46.76,,1745209569,,,,,,,,,,,,2025-04-21 09:56:09.231
tf,NFO,79608,,,,,88.50,47.01,,1745209570,,,,75.38,26859525,,,88.30,88.50,675,375,2025-04-21 09:56:09.679
tf,NFO,79608,,,,,88.30,46.68,,1745209570,,,,,,,,,,,,2025-04-21 09:56:10.052
tf,NFO,79608,,,,,88.00,46.18,,1745209571,,,,,,,,,,,,2025-04-21 09:56:11.029
tf,NFO,79608,,,,,87.75,45.76,,1745209571,,,,75.39,26887950,,,87.60,87.80,450,1050,2025-04-21 09:56:11.523
tf,NFO,79608,,,,,88.40,46.84,,1745209572,,,,,,,,,,,,2025-04-21 09:56:12.097
tf,NFO,79608,,,,,88.45,46.93,,1745209573,,,,,,,,,,,,2025-04-21 09:56:13.109
tf,NFO,79608,,,,,88.40,46.84,,1745209573,,,,75.40,26898600,,,88.15,88.40,675,2175,2025-04-21 09:56:13.119
tf,NFO,79608,,,,,88.20,46.51,,1745209574,,,,,,,,,,,,2025-04-21 09:56:14.137
tf,NFO,79608,,,,,88.40,46.84,,1745209575,,,,,26912625,,,88.20,,75,1800,2025-04-21 09:56:14.749
tf,NFO,79608,,,,,88.35,46.76,,1745209575,,,,,,,,,,,,2025-04-21 09:56:15.166
tf,NFO,79608,,,,,88.20,46.51,,1745209576,,,,,,,,,,,,2025-04-21 09:56:16.032
tf,NFO,79608,,,,,87.80,45.85,,1745209576,,,,75.41,26923875,,,87.85,88.05,375,375,2025-04-21 09:56:16.536
tf,NFO,79608,,,,,87.85,45.93,,1745209577,,,,,,,,,,,,2025-04-21 09:56:17.033
tf,NFO,79608,,,,,88.35,46.76,,1745209578,,,,,,,,,,,,2025-04-21 09:56:18.078
tf,NFO,79608,,,,,88.05,46.26,,1745209578,,,,,26933250,,,88.00,88.20,1875,225,2025-04-21 09:56:18.096
tf,NFO,79608,,,,,88.00,46.18,,1745209579,,,,,,,,,,,,2025-04-21 09:56:19.062
tf,NFO,79608,,,,,87.90,46.01,,1745209580,,,,75.42,26941875,,,87.60,87.80,675,450,2025-04-21 09:56:19.693
tf,NFO,79608,,,,,88.00,46.18,,1745209580,,,,,,,,,,,,2025-04-21 09:56:20.037
tf,NFO,79608,,,,,87.65,45.60,,1745209581,,,,,,,,,,,,2025-04-21 09:56:21.037
tf,NFO,79608,,,,,87.00,44.52,,1745209581,,,,,26953275,,,86.85,87.05,450,900,2025-04-21 09:56:21.494
tf,NFO,79608,,,,,86.80,44.19,,1745209582,,,,,,,,,,,,2025-04-21 09:56:22.036
tf,NFO,79608,,,,,86.45,43.60,,1745209583,,,,,,,,,,,,2025-04-21 09:56:23.047
tf,NFO,79608,,,,,86.35,43.44,,1745209583,,,,75.43,26964600,,,86.50,86.75,525,675,2025-04-21 09:56:23.096
tf,NFO,79608,,,,,86.10,43.02,,1745209584,,,,,,,,,,,,2025-04-21 09:56:24.037
tf,NFO,79608,,,,,86.35,43.44,,1745209585,,,,,26982525,,,86.40,86.60,675,450,2025-04-21 09:56:24.779
tf,NFO,79608,,,,,85.90,42.69,,1745209585,,,,,,,,,,,,2025-04-21 09:56:25.062
tf,NFO,79608,,,,,86.20,43.19,,1745209586,,,,,,,,,,,,2025-04-21 09:56:26.054
tf,NFO,79608,,,,,85.70,42.36,,1745209586,,,,75.44,26993700,,,85.65,85.85,375,1125,2025-04-21 09:56:26.504
tf,NFO,79608,,,,,85.45,41.94,,1745209587,,,,,,,,,,,,2025-04-21 09:56:27.041
tf,NFO,79608,,,,,84.40,40.20,,1745209588,,,,75.46,27044250,,,84.20,84.40,15150,2250,2025-04-21 09:56:28.106
tf,NFO,79608,,,,,84.10,39.70,,1745209588,,,,,,,,,,,,2025-04-21 09:56:28.240
tf,NFO,79608,,,,,84.55,40.45,,1745209589,,,,,,,,,,,,2025-04-21 09:56:29.039
tf,NFO,79608,,,,,85.35,41.78,,1745209590,,,,75.47,27098475,,,85.35,85.55,825,150,2025-04-21 09:56:29.711
tf,NFO,79608,,,,,85.20,41.53,,1745209590,,,,,,,,,,,,2025-04-21 09:56:30.054
tf,NFO,79608,,,,,85.50,42.03,,1745209591,,,,,,,,,,,,2025-04-21 09:56:31.043
tf,NFO,79608,,,,,85.85,42.61,,1745209591,,,,75.48,27110325,,,85.65,85.85,525,525,2025-04-21 09:56:31.616
tf,NFO,79608,,,,,86.50,43.69,,1745209592,,,,,,,,,,,,2025-04-21 09:56:32.048
tf,NFO,79608,,,,,86.40,43.52,,1745209593,,,,,,,,,,,,2025-04-21 09:56:33.044
tf,NFO,79608,,,,,86.45,43.60,,1745209593,,,,,27121350,,,86.40,86.60,150,2175,2025-04-21 09:56:33.117
tf,NFO,79608,,,,,86.80,44.19,,1745209594,,,,,,,,,,,,2025-04-21 09:56:34.083
tf,NFO,79608,,,,,86.95,44.44,,1745209595,,,,75.49,27127650,,,86.75,86.90,675,75,2025-04-21 09:56:34.717
tf,NFO,79608,,,,,86.60,43.85,,1745209595,,,,,,,,,,,,2025-04-21 09:56:35.047
tf,NFO,79608,,,,,87.00,44.52,,1745209596,,,,,,,,,,,,2025-04-21 09:56:36.051
tf,NFO,79608,,,,,87.10,44.68,,1745209596,,,,,27139725,,,87.00,87.20,1350,675,2025-04-21 09:56:36.517
tf,NFO,79608,,,,,87.20,44.85,,1745209597,,,,,,,,,,,,2025-04-21 09:56:37.085
tf,NFO,79608,,,,,87.70,45.68,,1745209598,,,,,,,,,,,,2025-04-21 09:56:38.103
tf,NFO,79608,,,,,,,,1745209598,,,,75.50,27151275,,,87.50,87.75,1500,975,2025-04-21 09:56:38.121
tf,NFO,79608,,,,,87.05,44.60,,1745209599,,,,,,,,,,,,2025-04-21 09:56:39.137
tf,NFO,79608,,,,,86.75,44.10,,1745209600,,,,,27160050,,,86.65,86.85,75,3075,2025-04-21 09:56:39.724
tf,NFO,79608,,,,,87.35,45.10,,1745209600,,,,,,,,,,,,2025-04-21 09:56:40.047
tf,NFO,79608,,,,,87.00,44.52,,1745209601,,,,,,,,,,,,2025-04-21 09:56:41.052
tf,NFO,79608,,,,,87.20,44.85,,1745209601,,,,75.51,27173475,,,86.95,87.15,450,300,2025-04-21 09:56:41.524
tf,NFO,79608,,,,,87.25,44.93,,1745209602,,,,,,,,,,,,2025-04-21 09:56:42.048
tf,NFO,79608,,,,,87.15,44.77,,1745209603,,,,,,,,,,,,2025-04-21 09:56:43.085
tf,NFO,79608,,,,,,,,1745209603,,,,,27183000,,,86.80,87.00,,1350,2025-04-21 09:56:43.128
tf,NFO,79608,,,,,87.30,45.02,,1745209604,,,,,,,,,,,,2025-04-21 09:56:44.054
tf,NFO,79608,,,,,86.95,44.44,,1745209605,,,,,27190350,,,87.00,87.20,1050,450,2025-04-21 09:56:44.787
tf,NFO,79608,,,,,87.00,44.52,,1745209605,,,,,,,,,,,,2025-04-21 09:56:45.051
tf,NFO,79608,,,,,87.25,44.93,,1745209606,,,,,,,,,,,,2025-04-21 09:56:46.118
tf,NFO,79608,,,,,87.10,44.68,,1745209606,,,,75.52,27200100,,,,87.15,675,900,2025-04-21 09:56:46.533
tf,NFO,79608,,,,,87.20,44.85,,1745209607,,,,,,,,,,,,2025-04-21 09:56:47.141
tf,NFO,79608,,,,,87.00,44.52,,1745209608,,,,,,,,,,,,2025-04-21 09:56:48.139
tf,NFO,79608,,,,,87.15,44.77,,1745209608,,,,,27205575,,,,87.20,975,1125,2025-04-21 09:56:48.140
tf,NFO,79608,,,,,86.00,42.86,,1745209609,,,,,,,,,,,,2025-04-21 09:56:49.253
tf,NFO,79608,,,,,85.80,42.52,,1745209610,,,,75.53,27222525,,,85.75,85.95,900,675,2025-04-21 09:56:49.754
tf,NFO,79608,,,,,86.00,42.86,,1745209611,,,,,,,,,,,,2025-04-21 09:56:51.052
tf,NFO,79608,,,,,86.45,43.60,,1745209611,,,,,27233850,,,86.25,86.45,600,900,2025-04-21 09:56:52.276
tf,NFO,79608,,,,,86.70,44.02,,1745209612,,,,,,,,,,,,2025-04-21 09:56:52.299
tf,NFO,79608,,,,,86.65,43.94,,1745209613,,,,,27240675,,,86.55,86.70,150,225,2025-04-21 09:56:53.145
tf,NFO,79608,,,,,86.40,43.52,,1745209614,,,,,,,,,,,,2025-04-21 09:56:54.057
tf,NFO,79608,,,,,86.65,43.94,,1745209615,,,,75.54,27249900,,,86.60,86.80,1200,1425,2025-04-21 09:56:54.748
tf,NFO,79608,,,,,86.40,43.52,,1745209615,,,,,,,,,,,,2025-04-21 09:56:55.055
tf,NFO,79608,,,,,87.25,44.93,,1745209616,,,,,,,,,,,,2025-04-21 09:56:56.057
tf,NFO,79608,,,,,87.05,44.60,,1745209616,,,,,27261825,,,86.80,87.05,1875,1050,2025-04-21 09:56:56.551
tf,NFO,79608,,,,,87.00,44.52,,1745209617,,,,,,,,,,,,2025-04-21 09:56:57.060
tf,NFO,79608,,,,,87.05,44.60,,1745209618,,,,,,,,,,,,2025-04-21 09:56:58.167
tf,NFO,79608,,,,,,,,1745209618,,,,,27267225,,,87.15,87.35,225,1350,2025-04-21 09:56:58.169
tf,NFO,79608,,,,,87.35,45.10,,1745209619,,,,,,,,,,,,2025-04-21 09:56:59.062
tf,NFO,79608,,,,,87.25,44.93,,1745209620,,,,75.55,27272250,,,87.25,87.45,450,225,2025-04-21 09:56:59.757
tf,NFO,79608,,,,,87.70,45.68,,1745209620,,,,,,,,,,,,2025-04-21 09:57:00.058
tf,NFO,79608,,,,,87.80,45.85,,1745209621,,,,,,,,,,,,2025-04-21 09:57:01.091
tf,NFO,79608,,,,,87.75,45.76,,1745209621,,,,,27277425,,,87.70,87.90,825,1050,2025-04-21 09:57:01.563
tf,NFO,79608,,,,,88.30,46.68,,1745209622,,,,,,,,,,,,2025-04-21 09:57:02.063
tf,NFO,79608,,,,,87.80,45.85,,1745209623,,,,,,,,,,,,2025-04-21 09:57:03.064
tf,NFO,79608,,,,,88.00,46.18,,1745209623,,,,75.56,27295950,,,87.65,87.80,300,300,2025-04-21 09:57:03.162
tf,NFO,79608,,,,,87.55,45.43,,1745209624,,,,,,,,,,,,2025-04-21 09:57:04.063
tf,NFO,79608,,,,,87.65,45.60,,1745209625,,,,,27310200,,,87.45,87.65,675,825,2025-04-21 09:57:04.800
tf,NFO,79608,,,,,87.50,45.35,,1745209625,,,,,,,,,,,,2025-04-21 09:57:05.115
tf,NFO,79608,,,,,87.80,45.85,,1745209626,,,,75.57,27320250,,,87.75,87.85,75,225,2025-04-21 09:57:06.568
tf,NFO,79608,,,,,87.45,45.27,,1745209627,,,,,,,,,,,,2025-04-21 09:57:07.064
tf,NFO,79608,,,,,87.20,44.85,,1745209628,,,,,,,,,,,,2025-04-21 09:57:08.066
tf,NFO,79608,,,,,87.10,44.68,,1745209628,,,,,27328200,,,87.00,87.15,2325,75,2025-04-21 09:57:08.171
tf,NFO,79608,,,,,86.80,44.19,,1745209629,,,,,,,,,,,,2025-04-21 09:57:09.069
tf,NFO,79608,,,,,87.75,45.76,,1745209630,,,,75.58,27338100,,,87.55,87.80,1050,2325,2025-04-21 09:57:09.773
tf,NFO,79608,,,,,87.60,45.51,,1745209630,,,,,,,,,,,,2025-04-21 09:57:10.103
tf,NFO,79608,,,,,87.55,45.43,,1745209631,,,,,,,,,,,,2025-04-21 09:57:11.072
tf,NFO,79608,,,,,87.75,45.76,,1745209631,,,,,27342750,,,87.90,88.00,900,2625,2025-04-21 09:57:11.576
tf,NFO,79608,,,,,87.90,46.01,,1745209632,,,,,,,,,,,,2025-04-21 09:57:12.103
tf,NFO,79608,,,,,87.55,45.43,,1745209633,,,,,,,,,,,,2025-04-21 09:57:13.099
tf,NFO,79608,,,,,87.90,46.01,,1745209633,,,,,27352725,,,87.70,87.90,1425,225,2025-04-21 09:57:13.179
tf,NFO,79608,,,,,88.00,46.18,,1745209634,,,,,,,,,,,,2025-04-21 09:57:14.073
tf,NFO,79608,,,,,88.45,46.93,,1745209635,,,,75.59,27360150,,,88.25,88.45,75,1350,2025-04-21 09:57:14.788
tf,NFO,79608,,,,,88.90,47.67,,1745209635,,,,,,,,,,,,2025-04-21 09:57:15.070
tf,NFO,79608,,,,,87.85,45.93,,1745209636,,,,,,,,,,,,2025-04-21 09:57:16.103
tf,NFO,79608,,,,,87.60,45.51,,1745209636,,,,,27374400,,,87.40,87.60,525,,2025-04-21 09:57:16.583
tf,NFO,79608,,,,,88.40,46.84,,1745209637,,,,,,,,,,,,2025-04-21 09:57:17.075
tf,NFO,79608,,,,,88.05,46.26,,1745209638,,,,,,,,,,,,2025-04-21 09:57:18.122
tf,NFO,79608,,,,,88.00,46.18,,1745209638,,,,75.60,27382125,,,87.85,88.05,75,1500,2025-04-21 09:57:18.206
tf,NFO,79608,,,,,87.60,45.51,,1745209639,,,,,,,,,,,,2025-04-21 09:57:19.089
tf,NFO,79608,,,,,88.10,46.35,,1745209640,,,,,27395025,,,,,450,825,2025-04-21 09:57:19.879
tf,NFO,79608,,,,,88.60,47.18,,1745209641,,,,,,,,,,,,2025-04-21 09:57:21.146
tf,NFO,79608,,,,,88.00,46.18,,1745209641,,,,,27402375,,,88.00,88.20,375,1575,2025-04-21 09:57:21.594
tf,NFO,79608,,,,,88.10,46.35,,1745209643,,,,,,,,,,,,2025-04-21 09:57:23.076
tf,NFO,79608,,,,,87.90,46.01,,1745209643,,,,75.61,27410700,,,,88.15,150,600,2025-04-21 09:57:23.196
tf,NFO,79608,,,,,88.00,46.18,,1745209644,,,,,,,,,,,,2025-04-21 09:57:24.081
tf,NFO,79608,,,,,88.30,46.68,,1745209645,,,,,27421575,,,88.30,88.50,1125,825,2025-04-21 09:57:24.870
tf,NFO,79608,,,,,87.75,45.76,,1745209645,,,,,,,,,,,,2025-04-21 09:57:25.125
tf,NFO,79608,,,,,87.60,45.51,,1745209646,,,,,,,,,,,,2025-04-21 09:57:26.076
tf,NFO,79608,,,,,88.40,46.84,,1745209646,,,,75.64,27488850,,,88.20,88.40,3150,150,2025-04-21 09:57:26.602
tf,NFO,79608,,,,,88.60,47.18,,1745209647,,,,,,,,,,,,2025-04-21 09:57:27.080
tf,NFO,79608,,,,,88.10,46.35,,1745209648,,,,,,,,,,,,2025-04-21 09:57:28.103
tf,NFO,79608,,,,,88.40,46.84,,1745209648,,,,75.65,27501525,,,88.30,88.55,2100,300,2025-04-21 09:57:28.206
tf,NFO,79608,,,,,88.55,47.09,,1745209649,,,,,,,,,,,,2025-04-21 09:57:29.079
tf,NFO,79608,,,,,88.30,46.68,,1745209650,,,,75.66,27523125,,,88.10,88.30,1575,,2025-04-21 09:57:29.804
tf,NFO,79608,,,,,88.00,46.18,,1745209650,,,,,,,,,,,,2025-04-21 09:57:30.080
tf,NFO,79608,,,,,87.85,45.93,,1745209651,,,,,,,,,,,,2025-04-21 09:57:31.107
tf,NFO,79608,,,,,87.80,45.85,,1745209651,,,,75.67,27544575,,,87.80,87.95,75,525,2025-04-21 09:57:31.626
tf,NFO,79608,,,,,88.00,46.18,,1745209652,,,,,,,,,,,,2025-04-21 09:57:32.203
tf,NFO,79608,,,,,88.05,46.26,,1745209653,,,,,,,,,,,,2025-04-21 09:57:33.080
tf,NFO,79608,,,,,88.00,46.18,,1745209653,,,,75.68,27571125,,,88.05,88.25,450,,2025-04-21 09:57:33.217
tf,NFO,79608,,,,,87.85,45.93,,1745209654,,,,,,,,,,,,2025-04-21 09:57:34.086
tf,NFO,79608,,,,,87.95,46.10,,1745209655,,,,75.69,27591825,,,87.75,87.95,900,675,2025-04-21 09:57:34.811
tf,NFO,79608,,,,,88.00,46.18,,1745209655,,,,,,,,,,,,2025-04-21 09:57:35.082
tf,NFO,79608,,,,,88.35,46.76,,1745209656,,,,,,,,,,,,2025-04-21 09:57:36.085
tf,NFO,79608,,,,,88.00,46.18,,1745209656,,,,,27602250,,,87.95,88.15,750,975,2025-04-21 09:57:36.612
tf,NFO,79608,,,,,87.30,45.02,,1745209657,,,,,,,,,,,,2025-04-21 09:57:37.086
tf,NFO,79608,,,,,88.05,46.26,,1745209658,,,,,,,,,,,,2025-04-21 09:57:38.105
tf,NFO,79608,,,,,88.25,46.59,,1745209658,,,,75.70,27624525,,,88.05,88.20,375,225,2025-04-21 09:57:38.277
tf,NFO,79608,,,,,88.30,46.68,,1745209659,,,,,,4460775,,,,,,2025-04-21 09:57:39.170
tf,NFO,79608,,,,,88.40,46.84,,1745209660,,,,75.71,27637350,,,88.20,88.40,450,2025,2025-04-21 09:57:39.819
tf,NFO,79608,,,,,88.10,46.35,,1745209660,,,,,,,,,,,,2025-04-21 09:57:40.086
tf,NFO,79608,,,,,87.95,46.10,,1745209661,,,,,,,,,,,,2025-04-21 09:57:41.091
tf,NFO,79608,,,,,88.20,46.51,,1745209661,,,,,27646125,,,88.00,88.20,1200,975,2025-04-21 09:57:41.622
tf,NFO,79608,,,,,89.00,47.84,,1745209662,,,,,,,,,,,,2025-04-21 09:57:42.089
tf,NFO,79608,,,,,89.15,48.09,,1745209663,,,,,,,,,,,,2025-04-21 09:57:43.112
tf,NFO,79608,,,,,,,,1745209663,,,,75.72,27661875,,,89.05,89.20,75,525,2025-04-21 09:57:43.225
tf,NFO,79608,,,,,89.10,48.01,,1745209664,,,,,,,,,,,,2025-04-21 09:57:44.088
tf,NFO,79608,,,,,89.60,48.84,,1745209665,,,,75.73,27691050,,,89.50,89.70,1575,675,2025-04-21 09:57:44.845
tf,NFO,79608,,,,,89.65,48.92,,1745209665,,,,,,,,,,,,2025-04-21 09:57:45.100
tf,NFO,79608,,,,,90.10,49.67,,1745209666,,,,,,,,,,,,2025-04-21 09:57:46.114
tf,NFO,79608,,,,,90.40,50.17,,1745209666,,,,75.76,27734625,,,90.35,90.50,75,75,2025-04-21 09:57:46.627
tf,NFO,79608,,,,,89.65,48.92,,1745209668,,,,,,,,,,,,2025-04-21 09:57:48.091
tf,NFO,79608,,,,,89.45,48.59,,1745209668,,,,75.77,27764325,,,89.30,89.45,300,675,2025-04-21 09:57:48.246
tf,NFO,79608,,,,,88.00,46.18,,1745209669,,,,,,,,,,,,2025-04-21 09:57:49.122
tf,NFO,79608,,,,,88.20,46.51,,1745209670,,,,75.79,27814950,,,88.20,88.35,225,375,2025-04-21 09:57:49.836
tf,NFO,79608,,,,,88.00,46.18,,1745209670,,,,,,,,,,,,2025-04-21 09:57:50.091
tf,NFO,79608,,,,,87.80,45.85,,1745209671,,,,,,,,,,,,2025-04-21 09:57:51.152
tf,NFO,79608,,,,,87.65,45.60,,1745209671,,,,75.81,27848100,,,87.50,87.65,825,450,2025-04-21 09:57:51.642
tf,NFO,79608,,,,,87.85,45.93,,1745209672,,,,,,,,,,,,2025-04-21 09:57:52.092
tf,NFO,79608,,,,,87.90,46.01,,1745209673,,,,,,,,,,,,2025-04-21 09:57:53.099
tf,NFO,79608,,,,,87.35,45.10,,1745209673,,,,,27853500,,,87.20,87.35,300,1125,2025-04-21 09:57:53.262
tf,NFO,79608,,,,,87.20,44.85,,1745209674,,,,,,,,,,,,2025-04-21 09:57:54.205
tf,NFO,79608,,,,,87.35,45.10,,1745209675,,,,75.82,27863925,,,,,75,525,2025-04-21 09:57:54.973
tf,NFO,79608,,,,,87.50,45.35,,1745209676,,,,,,,,,,,,2025-04-21 09:57:56.094
tf,NFO,79608,,,,,86.70,44.02,,1745209677,,,,75.83,27893850,,,86.50,86.70,750,1275,2025-04-21 09:57:56.645
tf,NFO,79608,,,,,86.60,43.85,,1745209677,,,,,,,,,,,,2025-04-21 09:57:57.095
tf,NFO,79608,,,,,86.25,43.27,,1745209678,,,,,,,,,,,,2025-04-21 09:57:58.146
tf,NFO,79608,,,,,86.30,43.36,,1745209678,,,,,27904725,,,86.10,86.30,1500,750,2025-04-21 09:57:58.245
tf,NFO,79608,,,,,86.10,43.02,,1745209679,,,,,,,,,,,,2025-04-21 09:57:59.297
tf,NFO,79608,,,,,87.40,45.18,,1745209680,,,,75.84,27928200,,,87.40,87.60,1275,450,2025-04-21 09:57:59.855
tf,NFO,79608,,,,,87.75,45.76,,1745209680,,,,,,,,,,,,2025-04-21 09:58:00.106
tf,NFO,79608,,,,,87.65,45.60,,1745209681,,,,,,,,,,,,2025-04-21 09:58:01.096
tf,NFO,79608,,,,,87.90,46.01,,1745209682,,,,75.85,27942225,,,87.70,87.90,2475,600,2025-04-21 09:58:01.653
tf,NFO,79608,,,,,88.10,46.35,,1745209682,,,,,,,,,,,,2025-04-21 09:58:02.098
tf,NFO,79608,,,,,87.85,45.93,,1745209683,,,,,,,,,,,,2025-04-21 09:58:03.097
tf,NFO,79608,,,,,87.95,46.10,,1745209683,,,,,27953475,,,88.00,88.15,750,675,2025-04-21 09:58:03.263
tf,NFO,79608,,,,,88.30,46.68,,1745209684,,,,,,,,,,,,2025-04-21 09:58:04.105
tf,NFO,79608,,,,,87.95,46.10,,1745209685,,,,75.86,27967725,,,87.85,88.00,600,150,2025-04-21 09:58:04.901
tf,NFO,79608,,,,,88.00,46.18,,1745209685,,,,,,,,,,,,2025-04-21 09:58:05.149
tf,NFO,79608,,,,,87.80,45.85,,1745209686,,,,,,,,,,,,2025-04-21 09:58:06.101
tf,NFO,79608,,,,,87.55,45.43,,1745209687,,,,,27981450,,,87.70,87.90,1350,750,2025-04-21 09:58:06.661
tf,NFO,79608,,,,,88.10,46.35,,1745209687,,,,,,,,,,,,2025-04-21 09:58:07.122
tf,NFO,79608,,,,,88.00,46.18,,1745209688,,,,,,,,,,,,2025-04-21 09:58:08.103
tf,NFO,79608,,,,,88.55,47.09,,1745209688,,,,75.87,27996075,,,88.40,88.60,75,1725,2025-04-21 09:58:08.260
tf,NFO,79608,,,,,88.80,47.51,,1745209689,,,,,,,,,,,,2025-04-21 09:58:09.108
tf,NFO,79608,,,,,89.15,48.09,,1745209690,,,,,28004925,,,88.85,89.05,600,675,2025-04-21 09:58:09.866
tf,NFO,79608,,,,,88.75,47.43,,1745209690,,,,,,,,,,,,2025-04-21 09:58:10.127
tf,NFO,79608,,,,,90.15,49.75,,1745209691,,,,,,,,,,,,2025-04-21 09:58:11.170
tf,NFO,79608,,,,,89.60,48.84,,1745209692,,,,75.89,28031475,,,89.70,89.90,2550,300,2025-04-21 09:58:11.803
tf,NFO,79608,,,,,89.65,48.92,,1745209692,,,,,,,,,,,,2025-04-21 09:58:12.139
tf,NFO,79608,,,,,89.35,48.42,,1745209693,,,,,,,,,,,,2025-04-21 09:58:13.122
tf,NFO,79608,,,,,89.30,48.34,,1745209693,,,,,28046250,,,89.15,89.30,300,1275,2025-04-21 09:58:13.273
tf,NFO,79608,,,,,89.85,49.25,,1745209694,,,,,,,,,,,,2025-04-21 09:58:14.106
tf,NFO,79608,,,,,89.55,48.75,,1745209695,,,,75.90,28052850,,,89.35,89.60,825,2325,2025-04-21 09:58:14.873
tf,NFO,79608,,,,,89.30,48.34,,1745209695,,,,,,,,,,,,2025-04-21 09:58:15.107
tf,NFO,79608,,,,,88.75,47.43,,1745209696,,,,,,,,,,,,2025-04-21 09:58:16.109
tf,NFO,79608,,,,,89.25,48.26,,1745209697,,,,,28063050,,,89.15,89.40,1650,1950,2025-04-21 09:58:16.677
tf,NFO,79608,,,,,89.40,48.50,,1745209697,,,,,,,,,,,,2025-04-21 09:58:17.111
tf,NFO,79608,,,,,89.30,48.34,,1745209698,,,,,,,,,,,,2025-04-21 09:58:18.347
tf,NFO,79608,,,,,88.85,47.59,,1745209698,,,,75.91,28071525,,,88.90,89.10,2400,375,2025-04-21 09:58:18.349
tf,NFO,79608,,,,,89.00,47.84,,1745209699,,,,,,,,,,,,2025-04-21 09:58:19.110
tf,NFO,79608,,,,,88.80,47.51,,1745209700,,,,,28082025,,,88.80,88.95,75,825,2025-04-21 09:58:19.880
tf,NFO,79608,,,,,89.00,47.84,,1745209700,,,,,,,,,,,,2025-04-21 09:58:20.114
tf,NFO,79608,,,,,88.60,47.18,,1745209701,,,,,,,,,,,,2025-04-21 09:58:21.114
tf,NFO,79608,,,,,88.90,47.67,,1745209702,,,,75.92,28099275,,,88.85,89.05,150,600,2025-04-21 09:58:21.694
tf,NFO,79608,,,,,89.40,48.50,,1745209702,,,,,,,,,,,,2025-04-21 09:58:22.391
tf,NFO,79608,,,,,88.45,46.93,,1745209703,,,,,,,,,,,,2025-04-21 09:58:23.112
tf,NFO,79608,,,,,88.50,47.01,,1745209703,,,,,28106475,,,88.20,88.45,1725,1425,2025-04-21 09:58:23.287
tf,NFO,79608,,,,,88.85,47.59,,1745209704,,,,,,,,,,,,2025-04-21 09:58:24.112
