t,e,tk,ts,pp,ls,ti,lp,pc,c,ft,o,h,l,ap,v,oi,poi,bp1,sp1,bq1,sq1,received_timestamp
tk,NFO,79640,NIFTY24APR25C24500,2,75,0.05,26.60,28.50,20.70,1745209403,14.70,29.35,14.70,24.13,23478525,7691700,5522175,26.45,26.55,2175,1275,2025-04-21 09:53:24.056
tf,NFO,79640,,,,,26.30,27.05,,1745209404,,,,,,,,,,,,2025-04-21 09:53:24.269
tf,NFO,79640,,,,,26.40,27.54,,1745209405,,,,,23495250,,,26.20,26.35,3975,2775,2025-04-21 09:53:24.700
tf,NFO,79640,,,,,26.25,26.81,,1745209405,,,,,,,,,,,,2025-04-21 09:53:25.273
tf,NFO,79640,,,,,26.10,26.09,,1745209406,,,,,,,,,,,,2025-04-21 09:53:26.271
tf,NFO,79640,,,,,,,,1745209406,,,,,23510700,,,26.10,26.15,225,1500,2025-04-21 09:53:26.402
tf,NFO,79640,,,,,26.15,26.33,,1745209407,,,,,,,,,,,,2025-04-21 09:53:27.269
tf,NFO,79640,,,,,25.95,25.36,,1745209408,,,,,23534025,,,25.90,26.00,2175,3150,2025-04-21 09:53:28.109
tf,NFO,79640,,,,,26.00,25.60,,1745209408,,,,,,,,,,,,2025-04-21 09:53:28.270
tf,NFO,79640,,,,,26.10,26.09,,1745209409,,,,,,,,,,,,2025-04-21 09:53:29.361
tf,NFO,79640,,,,,26.05,25.85,,1745209410,,,,,23540325,,,26.05,26.10,600,1050,2025-04-21 09:53:29.714
tf,NFO,79640,,,,,26.10,26.09,,1745209410,,,,,,,,,,,,2025-04-21 09:53:30.275
tf,NFO,79640,,,,,,,,1745209411,,,,,23545350,,,,26.15,1350,4275,2025-04-21 09:53:31.313
tf,NFO,79640,,,,,26.25,26.81,,1745209412,,,,,,,,,,,,2025-04-21 09:53:32.277
tf,NFO,79640,,,,,26.10,26.09,,1745209413,,,,24.14,23552700,,,26.00,26.10,2850,3075,2025-04-21 09:53:33.139
tf,NFO,79640,,,,,26.35,27.29,,1745209414,,,,,,,,,,,,2025-04-21 09:53:34.276
tf,NFO,79640,,,,,26.30,27.05,,1745209415,,,,,23556300,,,26.25,26.30,75,2400,2025-04-21 09:53:34.715
tf,NFO,79640,,,,,26.15,26.33,,1745209415,,,,,,,,,,,,2025-04-21 09:53:35.277
tf,NFO,79640,,,,,26.10,26.09,,1745209416,,,,,,,,,,,,2025-04-21 09:53:36.273
tf,NFO,79640,,,,,26.20,26.57,,1745209416,,,,,23557875,,,26.10,26.20,2475,4500,2025-04-21 09:53:36.319
tf,NFO,79640,,,,,26.35,27.29,,1745209417,,,,,,,,,,,,2025-04-21 09:53:37.274
tf,NFO,79640,,,,,26.20,26.57,,1745209418,,,,,23561925,,,26.15,26.25,3750,1725,2025-04-21 09:53:37.928
tf,NFO,79640,,,,,26.25,26.81,,1745209418,,,,,,,,,,,,2025-04-21 09:53:38.277
tf,NFO,79640,,,,,26.40,27.54,,1745209419,,,,,,,,,,,,2025-04-21 09:53:39.291
tf,NFO,79640,,,,,26.45,27.78,,1745209420,,,,,23565300,,,26.35,26.45,1650,3375,2025-04-21 09:53:39.957
tf,NFO,79640,,,,,26.50,28.02,,1745209420,,,,,,,,,,,,2025-04-21 09:53:40.348
tf,NFO,79640,,,,,26.55,28.26,,1745209421,,,,,,,,,,,,2025-04-21 09:53:41.286
tf,NFO,79640,,,,,26.45,27.78,,1745209421,,,,,23581350,,,26.45,26.55,2325,3075,2025-04-21 09:53:41.326
tf,NFO,79640,,,,,26.30,27.05,,1745209422,,,,,,,,,,,,2025-04-21 09:53:42.280
tf,NFO,79640,,,,,,,,1745209423,,,,,23584650,,,26.30,26.35,1500,300,2025-04-21 09:53:42.954
tf,NFO,79640,,,,,26.20,26.57,,1745209423,,,,,,,,,,,,2025-04-21 09:53:43.278
tf,NFO,79640,,,,,26.35,27.29,,1745209424,,,,,,,,,,,,2025-04-21 09:53:44.286
tf,NFO,79640,,,,,26.45,27.78,,1745209425,,,,,23600025,,,26.35,26.45,2925,2175,2025-04-21 09:53:44.729
tf,NFO,79640,,,,,26.40,27.54,,1745209425,,,,,,,,,,,,2025-04-21 09:53:45.283
tf,NFO,79640,,,,,26.30,27.05,,1745209426,,,,,,,,,,,,2025-04-21 09:53:46.331
tf,NFO,79640,,,,,,,,1745209426,,,,,23602200,,,26.20,26.25,5925,3375,2025-04-21 09:53:46.333
tf,NFO,79640,,,,,,,,1745209428,,,,,23604525,,,26.30,26.40,2250,3675,2025-04-21 09:53:47.944
tf,NFO,79640,,,,,26.45,27.78,,1745209429,,,,,,,,,,,,2025-04-21 09:53:49.288
tf,NFO,79640,,,,,26.40,27.54,,1745209430,,,,,23606700,,,26.40,26.45,2475,150,2025-04-21 09:53:49.737
tf,NFO,79640,,,,,26.30,27.05,,1745209430,,,,,,,,,,,,2025-04-21 09:53:50.290
tf,NFO,79640,,,,,26.35,27.29,,1745209431,,,,,,,,,,,,2025-04-21 09:53:51.293
tf,NFO,79640,,,,,,,,1745209431,,,,,23615175,,,26.25,26.35,1800,2175,2025-04-21 09:53:51.339
tf,NFO,79640,,,,,26.40,27.54,,1745209432,,,,,,,,,,,,2025-04-21 09:53:52.412
tf,NFO,79640,,,,,26.25,26.81,,1745209433,,,,,23620425,,,26.20,26.30,2175,3750,2025-04-21 09:53:53.063
tf,NFO,79640,,,,,26.20,26.57,,1745209433,,,,,,,,,,,,2025-04-21 09:53:53.289
tf,NFO,79640,,,,,26.15,26.33,,1745209435,,,,,23626575,,,26.15,26.20,1425,450,2025-04-21 09:53:54.766
tf,NFO,79640,,,,,26.10,26.09,,1745209435,,,,,,,,,,,,2025-04-21 09:53:55.350
tf,NFO,79640,,,,,26.35,27.29,,1745209436,,,,,,,,,,,,2025-04-21 09:53:56.348
tf,NFO,79640,,,,,,,,1745209436,,,,,23631525,,,26.20,26.25,225,,2025-04-21 09:53:56.354
tf,NFO,79640,,,,,26.00,25.60,,1745209437,,,,,,,,,,,,2025-04-21 09:53:57.297
tf,NFO,79640,,,,,26.05,25.85,,1745209438,,,,,23653275,,,26.05,26.10,1650,525,2025-04-21 09:53:57.966
tf,NFO,79640,,,,,26.15,26.33,,1745209438,,,,,,,,,,,,2025-04-21 09:53:58.290
tf,NFO,79640,,,,,26.25,26.81,,1745209439,,,,,,,,,,,,2025-04-21 09:53:59.311
tf,NFO,79640,,,,,26.30,27.05,,1745209440,,,,,23658900,,,26.20,26.30,2175,3075,2025-04-21 09:53:59.837
tf,NFO,79640,,,,,26.10,26.09,,1745209440,,,,,,,,,,,,2025-04-21 09:54:00.394
tf,NFO,79640,,,,,26.15,26.33,,1745209441,,,,,,,,,,,,2025-04-21 09:54:01.452
tf,NFO,79640,,,,,,,,1745209441,,,,,23662950,,,26.10,26.20,2025,5700,2025-04-21 09:54:01.453
tf,NFO,79640,,,,,26.30,27.05,,1745209442,,,,,,,,,,,,2025-04-21 09:54:02.306
tf,NFO,79640,,,,,26.20,26.57,,1745209443,,,,24.15,23669100,,,26.15,26.25,4200,1575,2025-04-21 09:54:02.977
tf,NFO,79640,,,,,26.15,26.33,,1745209443,,,,,,,,,,,,2025-04-21 09:54:03.296
tf,NFO,79640,,,,,26.10,26.09,,1745209444,,,,,,,,,,,,2025-04-21 09:54:04.311
tf,NFO,79640,,,,,26.15,26.33,,1745209445,,,,,23676675,,,26.05,26.15,5325,375,2025-04-21 09:54:04.758
tf,NFO,79640,,,,,26.00,25.60,,1745209446,,,,,,,,,,,,2025-04-21 09:54:06.377
tf,NFO,79640,,,,,26.05,25.85,,1745209446,,,,,23683425,,,25.95,26.05,3825,2100,2025-04-21 09:54:06.377
tf,NFO,79640,,,,,26.15,26.33,,1745209447,,,,,,,,,,,,2025-04-21 09:54:07.299
tf,NFO,79640,,,,,26.20,26.57,,1745209448,,,,,23686425,,,26.20,26.25,450,1500,2025-04-21 09:54:07.963
tf,NFO,79640,,,,,26.30,27.05,,1745209448,,,,,,,,,,,,2025-04-21 09:54:08.301
tf,NFO,79640,,,,,26.05,25.85,,1745209449,,,,,,,,,,,,2025-04-21 09:54:09.308
tf,NFO,79640,,,,,26.20,26.57,,1745209449,,,,,23691900,,,,,1350,225,2025-04-21 09:54:09.574
tf,NFO,79640,,,,,26.05,25.85,,1745209451,,,,,,,,,,,,2025-04-21 09:54:11.299
tf,NFO,79640,,,,,,,,1745209451,,,,,23696850,,,26.10,26.20,2475,3000,2025-04-21 09:54:11.369
tf,NFO,79640,,,,,26.10,26.09,,1745209452,,,,,,,,,,,,2025-04-21 09:54:12.308
tf,NFO,79640,,,,,25.90,25.12,,1745209453,,,,,23697975,,,25.85,25.95,1425,3225,2025-04-21 09:54:13.111
tf,NFO,79640,,,,,25.95,25.36,,1745209453,,,,,,,,,,,,2025-04-21 09:54:13.324
tf,NFO,79640,,,,,26.00,25.60,,1745209454,,,,,23701875,,,25.95,26.05,2625,2025,2025-04-21 09:54:14.576
tf,NFO,79640,,,,,26.05,25.85,,1745209456,,,,,,,,,,,,2025-04-21 09:54:16.301
tf,NFO,79640,,,,,,,,1745209456,,,,,23706600,,,26.10,26.20,3000,1425,2025-04-21 09:54:16.382
tf,NFO,79640,,,,,26.20,26.57,,1745209457,,,,,,,,,,,,2025-04-21 09:54:17.421
tf,NFO,79640,,,,,26.10,26.09,,1745209458,,,,,23708325,,,,,1350,3225,2025-04-21 09:54:18.040
tf,NFO,79640,,,,,26.25,26.81,,1745209458,,,,,,,,,,,,2025-04-21 09:54:18.362
tf,NFO,79640,,,,,26.30,27.05,,1745209459,,,,,,,,,,,,2025-04-21 09:54:20.059
tf,NFO,79640,,,,,26.45,27.78,,1745209459,,,,,23728350,,,26.40,26.50,2625,2325,2025-04-21 09:54:20.104
tf,NFO,79640,,,,,26.40,27.54,,1745209460,,,,,,,,,,,,2025-04-21 09:54:20.349
tf,NFO,79640,,,,,26.45,27.78,,1745209461,,,,,23732925,,,26.35,26.45,3375,2700,2025-04-21 09:54:21.374
tf,NFO,79640,,,,,26.20,26.57,,1745209463,,,,,23736375,,,26.20,26.30,3150,2025,2025-04-21 09:54:22.794
tf,NFO,79640,,,,,26.35,27.29,,1745209463,,,,,,,,,,,,2025-04-21 09:54:23.307
tf,NFO,79640,,,,,26.30,27.05,,1745209464,,,,,,,,,,,,2025-04-21 09:54:24.311
tf,NFO,79640,,,,,,,,1745209464,,,,,23741250,,,26.25,26.35,675,3600,2025-04-21 09:54:24.620
tf,NFO,79640,,,,,26.35,27.29,,1745209465,,,,,,,,,,,,2025-04-21 09:54:25.431
tf,NFO,79640,,,,,26.20,26.57,,1745209466,,,,,23743425,,,26.15,26.20,450,600,2025-04-21 09:54:26.404
tf,NFO,79640,,,,,26.15,26.33,,1745209466,,,,,,,,,,,,2025-04-21 09:54:26.408
tf,NFO,79640,,,,,26.30,27.05,,1745209467,,,,,,,,,,,,2025-04-21 09:54:27.342
tf,NFO,79640,,,,,26.10,26.09,,1745209468,,,,,23747100,,,26.05,26.10,1650,375,2025-04-21 09:54:27.799
tf,NFO,79640,,,,,26.20,26.57,,1745209468,,,,,,,,,,,,2025-04-21 09:54:28.366
tf,NFO,79640,,,,,26.15,26.33,,1745209469,,,,,,,,,,,,2025-04-21 09:54:29.313
tf,NFO,79640,,,,,26.30,27.05,,1745209469,,,,,23753025,,,26.25,26.35,3300,1425,2025-04-21 09:54:29.639
tf,NFO,79640,,,,,26.15,26.33,,1745209470,,,,,,,,,,,,2025-04-21 09:54:30.489
tf,NFO,79640,,,,,26.20,26.57,,1745209471,,,,,23756700,,,26.10,26.20,3750,1050,2025-04-21 09:54:31.200
tf,NFO,79640,,,,,26.05,25.85,,1745209472,,,,,,,,,,,,2025-04-21 09:54:32.398
tf,NFO,79640,,,,,26.10,26.09,,1745209473,,,,,23761800,,,26.00,26.10,6825,2700,2025-04-21 09:54:32.958
tf,NFO,79640,,,,,26.05,25.85,,1745209473,,,,,,,,,,,,2025-04-21 09:54:33.438
tf,NFO,79640,,,,,26.30,27.05,,1745209474,,,,,,,,,,,,2025-04-21 09:54:34.413
tf,NFO,79640,,,,,26.20,26.57,,1745209474,,,,,23766600,,,26.15,26.20,600,1125,2025-04-21 09:54:34.417
tf,NFO,79640,,,,,26.15,26.33,,1745209475,,,,,,,,,,,,2025-04-21 09:54:35.460
tf,NFO,79640,,,,,26.10,26.09,,1745209476,,,,,23770875,,,26.05,26.15,2250,4275,2025-04-21 09:54:36.011
tf,NFO,79640,,,,,26.15,26.33,,1745209476,,,,,,,,,,,,2025-04-21 09:54:36.320
tf,NFO,79640,,,,,26.35,27.29,,1745209477,,,,,,,,,,,,2025-04-21 09:54:37.344
tf,NFO,79640,,,,,26.05,25.85,,1745209478,,,,,23776425,,,26.00,26.10,6150,1275,2025-04-21 09:54:37.842
tf,NFO,79640,,,,,26.15,26.33,,1745209478,,,,,,7884150,,,,,,2025-04-21 09:54:38.350
tf,NFO,79640,,,,,26.25,26.81,,1745209479,,,,,,,,,,,,2025-04-21 09:54:39.369
tf,NFO,79640,,,,,,,,1745209479,,,,24.16,23780025,,,26.15,26.25,3300,1125,2025-04-21 09:54:39.555
tf,NFO,79640,,,,,26.15,26.33,,1745209480,,,,,,,,,,,,2025-04-21 09:54:40.332
tf,NFO,79640,,,,,26.10,26.09,,1745209481,,,,,23781450,,,26.10,26.20,1950,3375,2025-04-21 09:54:41.020
tf,NFO,79640,,,,,26.25,26.81,,1745209481,,,,,,,,,,,,2025-04-21 09:54:41.324
tf,NFO,79640,,,,,,,,1745209483,,,,,23789625,,,26.20,26.25,1800,300,2025-04-21 09:54:42.816
tf,NFO,79640,,,,,26.15,26.33,,1745209483,,,,,,,,,,,,2025-04-21 09:54:43.335
tf,NFO,79640,,,,,26.10,26.09,,1745209484,,,,,23792175,,,26.10,26.20,2475,4725,2025-04-21 09:54:44.428
tf,NFO,79640,,,,,26.20,26.57,,1745209485,,,,,,,,,,,,2025-04-21 09:54:45.454
tf,NFO,79640,,,,,26.30,27.05,,1745209486,,,,,23793000,,,26.20,26.30,4425,4800,2025-04-21 09:54:46.091
tf,NFO,79640,,,,,26.35,27.29,,1745209488,,,,,23799150,,,26.25,,675,1050,2025-04-21 09:54:47.829
tf,NFO,79640,,,,,,,,1745209489,,,,,23806800,,,26.30,26.40,2250,2100,2025-04-21 09:54:49.432
tf,NFO,79640,,,,,26.25,26.81,,1745209490,,,,,,,,,,,,2025-04-21 09:54:50.323
tf,NFO,79640,,,,,,,,1745209491,,,,,23808750,,,,26.35,2025,225,2025-04-21 09:54:51.039
tf,NFO,79640,,,,,26.35,27.29,,1745209491,,,,,,,,,,,,2025-04-21 09:54:51.326
tf,NFO,79640,,,,,26.45,27.78,,1745209492,,,,,,,,,,,,2025-04-21 09:54:52.384
tf,NFO,79640,,,,,26.50,28.02,,1745209493,,,,,23821425,,,26.50,26.60,2325,2925,2025-04-21 09:54:52.831
tf,NFO,79640,,,,,26.60,28.50,,1745209493,,,,,,,,,,,,2025-04-21 09:54:53.446
tf,NFO,79640,,,,,26.55,28.26,,1745209494,,,,,,,,,,,,2025-04-21 09:54:54.327
tf,NFO,79640,,,,,,,,1745209494,,,,,23832375,,,26.55,26.65,3000,2100,2025-04-21 09:54:54.451
tf,NFO,79640,,,,,26.60,28.50,,1745209495,,,,,,,,,,,,2025-04-21 09:54:55.333
tf,NFO,79640,,,,,26.40,27.54,,1745209496,,,,,23837850,,,26.40,26.50,4125,1125,2025-04-21 09:54:56.039
tf,NFO,79640,,,,,26.60,28.50,,1745209496,,,,,,,,,,,,2025-04-21 09:54:56.330
tf,NFO,79640,,,,,26.45,27.78,,1745209497,,,,,,,,,,,,2025-04-21 09:54:57.377
tf,NFO,79640,,,,,26.50,28.02,,1745209498,,,,,23844000,,,,,5175,1650,2025-04-21 09:54:57.889
tf,NFO,79640,,,,,26.65,28.74,,1745209498,,,,,,,,,,,,2025-04-21 09:54:58.586
tf,NFO,79640,,,,,26.60,28.50,,1745209499,,,,,,,,,,,,2025-04-21 09:54:59.443
tf,NFO,79640,,,,,,,,1745209499,,,,,23849175,,,26.60,26.70,2250,2775,2025-04-21 09:54:59.799
tf,NFO,79640,,,,,26.55,28.26,,1745209500,,,,,,,,,,,,2025-04-21 09:55:00.330
tf,NFO,79640,,,,,26.45,27.78,,1745209501,,,,,23865300,,,26.50,26.55,3375,75,2025-04-21 09:55:01.045
tf,NFO,79640,,,,,26.30,27.05,,1745209502,,,,,,,,,,,,2025-04-21 09:55:02.332
tf,NFO,79640,,,,,,,,1745209503,,,,,23872575,,,26.30,26.40,,1350,2025-04-21 09:55:02.849
tf,NFO,79640,,,,,26.40,27.54,,1745209504,,,,,,,,,,,,2025-04-21 09:55:04.333
tf,NFO,79640,,,,,26.50,28.02,,1745209504,,,,24.17,23890800,,,26.45,26.55,2250,2475,2025-04-21 09:55:04.448
tf,NFO,79640,,,,,26.35,27.29,,1745209506,,,,,23896425,,,26.35,26.45,3975,2325,2025-04-21 09:55:06.163
tf,NFO,79640,,,,,26.55,28.26,,1745209507,,,,,,,,,,,,2025-04-21 09:55:07.404
tf,NFO,79640,,,,,,,,1745209508,,,,,23906775,,,26.45,26.55,3600,1125,2025-04-21 09:55:07.881
tf,NFO,79640,,,,,26.50,28.02,,1745209509,,,,,,,,,,,,2025-04-21 09:55:09.334
tf,NFO,79640,,,,,,,,1745209509,,,,,23913300,,,,26.50,375,825,2025-04-21 09:55:09.457
tf,NFO,79640,,,,,26.40,27.54,,1745209511,,,,,23925975,,,26.40,,3675,1350,2025-04-21 09:55:11.076
tf,NFO,79640,,,,,26.75,29.23,,1745209511,,,,,,,,,,,,2025-04-21 09:55:11.348
tf,NFO,79640,,,,,26.60,28.50,,1745209512,,,,,,,,,,,,2025-04-21 09:55:12.530
tf,NFO,79640,,,,,,,,1745209513,,,,,23933250,,,26.50,26.55,450,1425,2025-04-21 09:55:12.898
tf,NFO,79640,,,,,26.55,28.26,,1745209513,,,,,,,,,,,,2025-04-21 09:55:13.359
tf,NFO,79640,,,,,26.75,29.23,,1745209514,,,,,,,,,,,,2025-04-21 09:55:14.353
tf,NFO,79640,,,,,26.70,28.99,,1745209514,,,,,23941650,,,26.65,26.75,2775,1500,2025-04-21 09:55:14.466
tf,NFO,79640,,,,,27.00,30.43,,1745209515,,,,,,,,,,,,2025-04-21 09:55:15.534
tf,NFO,79640,,,,,,,,1745209516,,,,24.18,23985975,,,26.95,27.00,150,,2025-04-21 09:55:16.073
tf,NFO,79640,,,,,26.95,30.19,,1745209516,,,,,,,,,,,,2025-04-21 09:55:16.334
tf,NFO,79640,,,,,27.80,34.30,,1745209517,,,,,,,,,,,,2025-04-21 09:55:17.356
tf,NFO,79640,,,,,27.95,35.02,,1745209518,,,,24.19,24068325,,,27.90,28.00,900,16800,2025-04-21 09:55:17.896
tf,NFO,79640,,,,,27.80,34.30,,1745209519,,,,24.20,24136050,,,27.70,27.80,1275,1575,2025-04-21 09:55:19.482
tf,NFO,79640,,,,,27.55,33.09,,1745209519,,,,,,,,,,,,2025-04-21 09:55:19.662
tf,NFO,79640,,,,,28.05,35.51,,1745209521,,,,,24175650,,,28.00,28.10,300,1725,2025-04-21 09:55:21.081
tf,NFO,79640,,,,,28.10,35.75,,1745209521,,,,,,,,,,,,2025-04-21 09:55:21.350
tf,NFO,79640,,,,,28.20,36.23,,1745209522,,,,,,,,,,,,2025-04-21 09:55:22.346
tf,NFO,79640,,,,,28.65,38.41,,1745209523,,,,24.21,24240450,,,28.65,28.75,2550,975,2025-04-21 09:55:22.878
tf,NFO,79640,,,,,28.85,39.37,,1745209524,,,,,,,,,,,,2025-04-21 09:55:24.347
tf,NFO,79640,,,,,28.75,38.89,,1745209524,,,,24.22,24282750,,,,28.80,6375,4200,2025-04-21 09:55:24.489
tf,NFO,79640,,,,,28.60,38.16,,1745209525,,,,,,,,,,,,2025-04-21 09:55:25.347
tf,NFO,79640,,,,,28.55,37.92,,1745209526,,,,24.23,24308100,,,28.55,28.65,4125,1350,2025-04-21 09:55:26.219
tf,NFO,79640,,,,,28.75,38.89,,1745209526,,,,,,,,,,,,2025-04-21 09:55:26.457
tf,NFO,79640,,,,,29.05,40.34,,1745209527,,,,,,,,,,,,2025-04-21 09:55:27.371
tf,NFO,79640,,,,,28.65,38.41,,1745209528,,,,24.24,24387675,,,28.65,28.75,3225,1650,2025-04-21 09:55:27.892
tf,NFO,79640,,,,,28.85,39.37,,1745209528,,,,,,,,,,,,2025-04-21 09:55:28.547
tf,NFO,79640,,,,,28.65,38.41,,1745209529,,,,,,,,,,,,2025-04-21 09:55:29.345
tf,NFO,79640,,,,,28.70,38.65,,1745209529,,,,24.25,24403650,,,28.60,28.70,5175,2100,2025-04-21 09:55:29.491
tf,NFO,79640,,,,,28.50,37.68,,1745209530,,,,,,,,,,,,2025-04-21 09:55:30.351
tf,NFO,79640,,,,,29.05,40.34,,1745209531,,,,24.26,24460875,,,29.00,29.10,1125,1650,2025-04-21 09:55:31.098
tf,NFO,79640,,,,,29.00,40.10,,1745209532,,,,,,,,,,,,2025-04-21 09:55:32.441
tf,NFO,79640,,,,,28.80,39.13,,1745209533,,,,,24506325,,,28.80,28.90,2775,525,2025-04-21 09:55:33.057
tf,NFO,79640,,,,,29.10,40.58,,1745209533,,,,,,,,,,,,2025-04-21 09:55:33.354
tf,NFO,79640,,,,,28.90,39.61,,1745209534,,,,,,,,,,,,2025-04-21 09:55:34.351
tf,NFO,79640,,,,,28.80,39.13,,1745209534,,,,24.27,24531450,,,,,2550,1800,2025-04-21 09:55:34.503
tf,NFO,79640,,,,,28.65,38.41,,1745209535,,,,,,,,,,,,2025-04-21 09:55:35.364
tf,NFO,79640,,,,,28.25,36.47,,1745209536,,,,,24548925,,,28.25,28.35,3225,750,2025-04-21 09:55:36.107
tf,NFO,79640,,,,,28.30,36.71,,1745209536,,,,,,,,,,,,2025-04-21 09:55:36.564
tf,NFO,79640,,,,,28.65,38.41,,1745209537,,,,,,,,,,,,2025-04-21 09:55:37.354
tf,NFO,79640,,,,,28.75,38.89,,1745209538,,,,24.28,24566475,,,28.65,28.75,2625,2100,2025-04-21 09:55:37.711
tf,NFO,79640,,,,,28.60,38.16,,1745209539,,,,,24588075,,,28.55,28.65,4800,1200,2025-04-21 09:55:39.537
tf,NFO,79640,,,,,28.70,38.65,,1745209539,,,,,,,,,,,,2025-04-21 09:55:39.540
tf,NFO,79640,,,,,28.65,38.41,,1745209540,,,,,,,,,,,,2025-04-21 09:55:40.373
tf,NFO,79640,,,,,28.85,39.37,,1745209541,,,,,24599100,,,28.85,28.95,2775,3675,2025-04-21 09:55:41.159
tf,NFO,79640,,,,,28.95,39.86,,1745209542,,,,,,,,,,,,2025-04-21 09:55:42.356
tf,NFO,79640,,,,,,,,1745209543,,,,24.29,24639375,,,,,1200,2925,2025-04-21 09:55:42.721
tf,NFO,79640,,,,,29.00,40.10,,1745209543,,,,,,,,,,,,2025-04-21 09:55:43.367
tf,NFO,79640,,,,,29.35,41.79,,1745209544,,,,,24657375,,,29.25,29.35,2700,1875,2025-04-21 09:55:44.349
tf,NFO,79640,,,,,29.25,41.30,,1745209544,,,,,,,,,,,,2025-04-21 09:55:44.357
tf,NFO,79640,,,,,28.80,39.13,,1745209545,,,,,,,,,,,,2025-04-21 09:55:45.423
tf,NFO,79640,,,,,28.65,38.41,,1745209546,,,,24.30,24697500,,,28.60,28.70,2175,2325,2025-04-21 09:55:46.119
tf,NFO,79640,,,,,28.75,38.89,,1745209546,,,,,,,,,,,,2025-04-21 09:55:46.359
tf,NFO,79640,,,,,28.70,38.65,,1745209547,,,,,,,,,,,,2025-04-21 09:55:47.366
tf,NFO,79640,,,,,28.85,39.37,,1745209548,,,,,24708000,,,28.75,28.90,3600,3750,2025-04-21 09:55:47.737
tf,NFO,79640,,,,,28.80,39.13,,1745209548,,,,,,,,,,,,2025-04-21 09:55:48.366
tf,NFO,79640,,,,,28.75,38.89,,1745209549,,,,,24721050,,,28.70,28.80,3750,1725,2025-04-21 09:55:49.330
tf,NFO,79640,,,,,28.85,39.37,,1745209550,,,,,,,,,,,,2025-04-21 09:55:50.362
tf,NFO,79640,,,,,28.95,39.86,,1745209551,,,,24.31,24730050,,,28.85,28.95,2850,2100,2025-04-21 09:55:51.126
tf,NFO,79640,,,,,28.85,39.37,,1745209551,,,,,,,,,,,,2025-04-21 09:55:51.375
tf,NFO,79640,,,,,28.80,39.13,,1745209552,,,,,,,,,,,,2025-04-21 09:55:52.439
tf,NFO,79640,,,,,28.40,37.20,,1745209553,,,,,24742425,,,28.35,28.45,975,4050,2025-04-21 09:55:52.835
tf,NFO,79640,,,,,28.10,35.75,,1745209553,,,,,,,,,,,,2025-04-21 09:55:53.371
tf,NFO,79640,,,,,28.05,35.51,,1745209554,,,,,24783900,,,27.95,28.05,2100,2025,2025-04-21 09:55:54.366
tf,NFO,79640,,,,,27.95,35.02,,1745209554,,,,,,,,,,,,2025-04-21 09:55:54.370
tf,NFO,79640,,,,,28.25,36.47,,1745209555,,,,,,,,,,,,2025-04-21 09:55:55.383
tf,NFO,79640,,,,,28.05,35.51,,1745209556,,,,24.32,24803625,,,28.00,28.10,,2400,2025-04-21 09:55:56.135
tf,NFO,79640,,,,,27.95,35.02,,1745209556,,,,,,,,,,,,2025-04-21 09:55:56.372
tf,NFO,79640,,,,,27.80,34.30,,1745209558,,,,,24813825,,,27.75,27.85,,1200,2025-04-21 09:55:57.738
tf,NFO,79640,,,,,27.35,32.13,,1745209558,,,,,,,,,,,,2025-04-21 09:55:58.616
tf,NFO,79640,,,,,27.00,30.43,,1745209559,,,,24.33,24877575,,,27.00,27.05,1575,2700,2025-04-21 09:55:59.428
tf,NFO,79640,,,,,26.55,28.26,,1745209560,,,,,,,,,,,,2025-04-21 09:56:00.369
tf,NFO,79640,,,,,27.00,30.43,,1745209561,,,,,24906000,,,26.85,26.95,2775,225,2025-04-21 09:56:01.140
tf,NFO,79640,,,,,27.05,30.68,,1745209561,,,,,,,,,,,,2025-04-21 09:56:01.568
tf,NFO,79640,,,,,27.15,31.16,,1745209562,,,,,,,,,,,,2025-04-21 09:56:02.383
tf,NFO,79640,,,,,27.05,30.68,,1745209563,,,,,24944325,,,26.95,27.00,75,3150,2025-04-21 09:56:02.743
tf,NFO,79640,,,,,26.80,29.47,,1745209564,,,,24.34,24958575,,,26.80,26.90,525,2775,2025-04-21 09:56:04.349
tf,NFO,79640,,,,,26.90,29.95,,1745209564,,,,,,,,,,,,2025-04-21 09:56:04.380
tf,NFO,79640,,,,,27.15,31.16,,1745209565,,,,,,,,,,,,2025-04-21 09:56:05.369
tf,NFO,79640,,,,,27.05,30.68,,1745209566,,,,,24972825,,,27.05,27.10,375,3150,2025-04-21 09:56:06.152
tf,NFO,79640,,,,,27.15,31.16,,1745209566,,,,,,,,,,,,2025-04-21 09:56:06.367
tf,NFO,79640,,,,,27.25,31.64,,1745209567,,,,,,,,,,,,2025-04-21 09:56:07.376
tf,NFO,79640,,,,,27.30,31.88,,1745209568,,,,,24981225,,,27.25,27.35,2100,2175,2025-04-21 09:56:07.752
tf,NFO,79640,,,,,27.65,33.57,,1745209568,,,,,,,,,,,,2025-04-21 09:56:08.374
tf,NFO,79640,,,,,27.95,35.02,,1745209569,,,,,25007775,,,28.00,28.05,1725,75,2025-04-21 09:56:09.357
tf,NFO,79640,,,,,27.85,34.54,,1745209570,,,,,,,,,,,,2025-04-21 09:56:10.377
tf,NFO,79640,,,,,28.00,35.27,,1745209571,,,,,25015650,,,27.95,,2775,1275,2025-04-21 09:56:11.165
tf,NFO,79640,,,,,28.10,35.75,,1745209572,,,,,,,,,,,,2025-04-21 09:56:12.523
tf,NFO,79640,,,,,28.05,35.51,,1745209573,,,,,25022400,,,28.05,28.15,1425,3075,2025-04-21 09:56:12.757
tf,NFO,79640,,,,,27.95,35.02,,1745209573,,,,,,,,,,,,2025-04-21 09:56:13.375
tf,NFO,79640,,,,,28.10,35.75,,1745209574,,,,,25027275,,,28.00,28.10,1950,2625,2025-04-21 09:56:14.366
tf,NFO,79640,,,,,27.95,35.02,,1745209576,,,,24.35,25032825,,,27.85,27.95,1200,2700,2025-04-21 09:56:16.165
tf,NFO,79640,,,,,27.80,34.30,,1745209577,,,,,,,,,,,,2025-04-21 09:56:17.391
tf,NFO,79640,,,,,27.95,35.02,,1745209578,,,,,25044225,,,27.95,28.05,3375,825,2025-04-21 09:56:17.768
tf,NFO,79640,,,,,27.75,34.06,,1745209579,,,,,25047600,,,27.70,27.80,1425,2550,2025-04-21 09:56:19.463
tf,NFO,79640,,,,,27.95,35.02,,1745209580,,,,,,,,,,,,2025-04-21 09:56:20.381
tf,NFO,79640,,,,,27.75,34.06,,1745209581,,,,,25058025,,,27.65,27.75,1875,2100,2025-04-21 09:56:21.171
tf,NFO,79640,,,,,27.70,33.82,,1745209581,,,,,,,,,,,,2025-04-21 09:56:21.385
tf,NFO,79640,,,,,27.55,33.09,,1745209582,,,,,,,,,,,,2025-04-21 09:56:22.385
tf,NFO,79640,,,,,27.60,33.33,,1745209583,,,,,25062975,,,27.50,27.60,1575,1725,2025-04-21 09:56:22.771
tf,NFO,79640,,,,,27.45,32.61,,1745209583,,,,,,,,,,,,2025-04-21 09:56:23.379
tf,NFO,79640,,,,,27.25,31.64,,1745209584,,,,,25075650,,,27.35,27.40,600,300,2025-04-21 09:56:24.382
tf,NFO,79640,,,,,27.30,31.88,,1745209585,,,,,,,,,,,,2025-04-21 09:56:25.410
tf,NFO,79640,,,,,27.35,32.13,,1745209586,,,,,25085850,,,27.20,27.30,2925,3000,2025-04-21 09:56:26.219
tf,NFO,79640,,,,,27.30,31.88,,1745209586,,,,,,,,,,,,2025-04-21 09:56:26.394
tf,NFO,79640,,,,,26.90,29.95,,1745209587,,,,,,,,,,,,2025-04-21 09:56:27.398
tf,NFO,79640,,,,,26.80,29.47,,1745209588,,,,24.36,25112325,,,26.70,26.80,,1500,2025-04-21 09:56:27.783
tf,NFO,79640,,,,,26.75,29.23,,1745209588,,,,,,,,,,,,2025-04-21 09:56:28.585
tf,NFO,79640,,,,,27.00,30.43,,1745209589,,,,,25126575,,,27.05,27.15,525,1875,2025-04-21 09:56:29.392
tf,NFO,79640,,,,,27.05,30.68,,1745209590,,,,,,,,,,,,2025-04-21 09:56:30.384
tf,NFO,79640,,,,,27.15,31.16,,1745209591,,,,,25139475,,,27.00,27.05,450,900,2025-04-21 09:56:31.185
tf,NFO,79640,,,,,27.30,31.88,,1745209591,,,,,,,,,,,,2025-04-21 09:56:31.383
tf,NFO,79640,,,,,27.25,31.64,,1745209592,,,,,,,,,,,,2025-04-21 09:56:32.389
tf,NFO,79640,,,,,27.35,32.13,,1745209593,,,,,25147500,,,27.35,27.45,2250,2100,2025-04-21 09:56:32.806
tf,NFO,79640,,,,,27.30,31.88,,1745209593,,,,,,,,,,,,2025-04-21 09:56:33.386
tf,NFO,79640,,,,,27.50,32.85,,1745209594,,,,,,,,,,,,2025-04-21 09:56:34.413
tf,NFO,79640,,,,,,,,1745209594,,,,,25154775,,,27.40,27.50,1650,3900,2025-04-21 09:56:34.443
tf,NFO,79640,,,,,27.45,32.61,,1745209595,,,,,,,,,,,,2025-04-21 09:56:35.392
tf,NFO,79640,,,,,27.55,33.09,,1745209596,,,,,25166400,,,27.50,27.60,2625,2925,2025-04-21 09:56:36.197
tf,NFO,79640,,,,,27.70,33.82,,1745209596,,,,,,,,,,,,2025-04-21 09:56:36.393
tf,NFO,79640,,,,,27.65,33.57,,1745209597,,,,,,,,,,,,2025-04-21 09:56:37.391
tf,NFO,79640,,,,,27.60,33.33,,1745209598,,,,,25174575,,,27.60,27.70,2400,3375,2025-04-21 09:56:37.794
tf,NFO,79640,,,,,27.65,33.57,,1745209598,,,,,,,,,,,,2025-04-21 09:56:38.445
tf,NFO,79640,,,,,27.40,32.37,,1745209599,,,,,,,,,,,,2025-04-21 09:56:39.387
tf,NFO,79640,,,,,,,,1745209599,,,,,25179750,,,27.40,27.50,1500,3225,2025-04-21 09:56:39.418
tf,NFO,79640,,,,,27.60,33.33,,1745209600,,,,,,,,,,,,2025-04-21 09:56:40.393
tf,NFO,79640,,,,,27.50,32.85,,1745209601,,,,,25188000,,,,,2850,825,2025-04-21 09:56:41.026
tf,NFO,79640,,,,,27.45,32.61,,1745209602,,,,,,,,,,,,2025-04-21 09:56:42.391
tf,NFO,79640,,,,,,,,1745209603,,,,24.37,25198725,,,,,525,3900,2025-04-21 09:56:42.799
tf,NFO,79640,,,,,27.40,32.37,,1745209603,,,,,,,,,,,,2025-04-21 09:56:43.393
tf,NFO,79640,,,,,27.45,32.61,,1745209604,,,,,,,,,,,,2025-04-21 09:56:44.397
tf,NFO,79640,,,,,,,,1745209604,,,,,25204725,,,,27.45,2400,225,2025-04-21 09:56:44.431
tf,NFO,79640,,,,,27.55,33.09,,1745209605,,,,,,,,,,,,2025-04-21 09:56:45.489
tf,NFO,79640,,,,,,,,1745209606,,,,,25215300,,,27.50,27.60,2625,2175,2025-04-21 09:56:46.116
tf,NFO,79640,,,,,27.45,32.61,,1745209606,,,,,,,,,,,,2025-04-21 09:56:46.506
tf,NFO,79640,,,,,27.55,33.09,,1745209607,,,,,,,,,,,,2025-04-21 09:56:47.523
tf,NFO,79640,,,,,27.65,33.57,,1745209608,,,,,25219500,,,,,2775,3300,2025-04-21 09:56:48.136
tf,NFO,79640,,,,,27.45,32.61,,1745209608,,,,,,,,,,,,2025-04-21 09:56:48.416
tf,NFO,79640,,,,,27.15,31.16,,1745209609,,,,,,,,,,,,2025-04-21 09:56:49.396
tf,NFO,79640,,,,,27.20,31.40,,1745209609,,,,,25227600,,,27.10,27.20,2625,1350,2025-04-21 09:56:49.429
tf,NFO,79640,,,,,27.25,31.64,,1745209610,,,,,,,,,,,,2025-04-21 09:56:50.401
tf,NFO,79640,,,,,27.10,30.92,,1745209611,,,,,25239525,,,,,3750,1800,2025-04-21 09:56:51.045
tf,NFO,79640,,,,,27.25,31.64,,1745209611,,,,,,,,,,,,2025-04-21 09:56:52.265
tf,NFO,79640,,,,,27.35,32.13,,1745209612,,,,,,,,,,,,2025-04-21 09:56:52.449
tf,NFO,79640,,,,,,,,1745209613,,,,,25248450,,,27.25,27.35,2550,2700,2025-04-21 09:56:52.818
tf,NFO,79640,,,,,27.30,31.88,,1745209613,,,,,,,,,,,,2025-04-21 09:56:53.398
tf,NFO,79640,,,,,,,,1745209614,,,,,25254750,,,27.30,,600,1950,2025-04-21 09:56:54.429
tf,NFO,79640,,,,,27.50,32.85,,1745209615,,,,,,,,,,,,2025-04-21 09:56:55.405
tf,NFO,79640,,,,,,,,1745209616,,,,,25264500,,,27.50,27.55,2175,525,2025-04-21 09:56:56.048
tf,NFO,79640,,,,,27.65,33.57,,1745209617,,,,,,,,,,,,2025-04-21 09:56:57.411
tf,NFO,79640,,,,,27.55,33.09,,1745209618,,,,,25272675,,,27.55,27.65,4275,1875,2025-04-21 09:56:57.819
tf,NFO,79640,,,,,27.60,33.33,,1745209618,,,,,,,,,,,,2025-04-21 09:56:58.420
tf,NFO,79640,,,,,27.50,32.85,,1745209619,,,,,,,,,,,,2025-04-21 09:56:59.433
tf,NFO,79640,,,,,,,,1745209619,,,,,25274550,,,27.40,27.50,2625,1725,2025-04-21 09:56:59.460
tf,NFO,79640,,,,,27.60,33.33,,1745209620,,,,,,,,,,,,2025-04-21 09:57:00.408
tf,NFO,79640,,,,,27.70,33.82,,1745209621,,,,,25277775,,,27.60,27.70,2100,3525,2025-04-21 09:57:01.043
tf,NFO,79640,,,,,27.60,33.33,,1745209621,,,,,,,,,,,,2025-04-21 09:57:01.414
tf,NFO,79640,,,,,27.65,33.57,,1745209623,,,,24.38,25294650,,,27.65,27.75,2850,2625,2025-04-21 09:57:02.830
tf,NFO,79640,,,,,27.70,33.82,,1745209623,,,,,,,,,,,,2025-04-21 09:57:03.409
tf,NFO,79640,,,,,27.50,32.85,,1745209624,,,,,,,,,,,,2025-04-21 09:57:04.411
tf,NFO,79640,,,,,27.55,33.09,,1745209624,,,,,25300425,,,27.45,27.55,5775,1500,2025-04-21 09:57:04.576
tf,NFO,79640,,,,,27.60,33.33,,1745209625,,,,,,,,,,,,2025-04-21 09:57:05.415
tf,NFO,79640,,,,,,,,1745209626,,,,,25307325,,,27.60,27.70,3300,1575,2025-04-21 09:57:06.067
tf,NFO,79640,,,,,27.75,34.06,,1745209626,,,,,,,,,,,,2025-04-21 09:57:06.412
tf,NFO,79640,,,,,27.50,32.85,,1745209627,,,,,,,,,,,,2025-04-21 09:57:07.426
tf,NFO,79640,,,,,27.55,33.09,,1745209628,,,,,25319325,,,27.50,27.60,3450,2925,2025-04-21 09:57:07.654
tf,NFO,79640,,,,,27.35,32.13,,1745209628,,,,,,,,,,,,2025-04-21 09:57:08.410
tf,NFO,79640,,,,,27.55,33.09,,1745209629,,,,,,,,,,,,2025-04-21 09:57:09.416
tf,NFO,79640,,,,,,,,1745209629,,,,,25325250,,,27.45,27.50,150,5325,2025-04-21 09:57:09.447
tf,NFO,79640,,,,,,,,1745209631,,,,,25326675,,,27.50,27.55,975,1875,2025-04-21 09:57:11.070
tf,NFO,79640,,,,,27.65,33.57,,1745209632,,,,,,,,,,,,2025-04-21 09:57:12.524
tf,NFO,79640,,,,,,,,1745209633,,,,,25334100,,,27.55,27.60,2400,75,2025-04-21 09:57:12.755
tf,NFO,79640,,,,,27.55,33.09,,1745209633,,,,,,,,,,,,2025-04-21 09:57:13.417
tf,NFO,79640,,,,,,,,1745209634,,,,,25344150,,,27.65,27.70,1350,1050,2025-04-21 09:57:14.256
tf,NFO,79640,,,,,27.60,33.33,,1745209634,,,,,,,,,,,,2025-04-21 09:57:14.421
tf,NFO,79640,,,,,27.70,33.82,,1745209635,,,,,,,,,,,,2025-04-21 09:57:15.421
tf,NFO,79640,,,,,27.60,33.33,,1745209636,,,,24.39,25361925,,,27.55,27.60,300,1200,2025-04-21 09:57:16.052
tf,NFO,79640,,,,,27.55,33.09,,1745209636,,,,,,,,,,,,2025-04-21 09:57:16.419
tf,NFO,79640,,,,,27.70,33.82,,1745209637,,,,,,,,,,,,2025-04-21 09:57:17.415
tf,NFO,79640,,,,,,,,1745209638,,,,,25373775,,,27.50,,2850,3375,2025-04-21 09:57:17.662
tf,NFO,79640,,,,,27.60,33.33,,1745209638,,,,,,,,,,,,2025-04-21 09:57:18.477
tf,NFO,79640,,,,,27.55,33.09,,1745209639,,,,,25375500,,,27.45,27.50,3075,75,2025-04-21 09:57:19.293
tf,NFO,79640,,,,,27.70,33.82,,1745209640,,,,,,,,,,,,2025-04-21 09:57:20.526
tf,NFO,79640,,,,,27.80,34.30,,1745209641,,,,,25380150,,,27.80,27.85,3150,300,2025-04-21 09:57:21.146
tf,NFO,79640,,,,,27.70,33.82,,1745209641,,,,,,,,,,,,2025-04-21 09:57:21.519
tf,NFO,79640,,,,,27.80,34.30,,1745209642,,,,,,,,,,,,2025-04-21 09:57:22.418
tf,NFO,79640,,,,,27.70,33.82,,1745209643,,,,,25387125,,,27.65,27.75,2475,3000,2025-04-21 09:57:22.661
tf,NFO,79640,,,,,27.60,33.33,,1745209644,,,,,25389525,,,27.60,27.70,1275,3825,2025-04-21 09:57:24.269
tf,NFO,79640,,,,,27.55,33.09,,1745209644,,,,,,,,,,,,2025-04-21 09:57:24.418
tf,NFO,79640,,,,,27.45,32.61,,1745209646,,,,,25398375,,,27.45,27.50,450,825,2025-04-21 09:57:26.063
tf,NFO,79640,,,,,27.70,33.82,,1745209646,,,,,,,,,,,,2025-04-21 09:57:26.471
tf,NFO,79640,,,,,27.65,33.57,,1745209647,,,,,,,,,,,,2025-04-21 09:57:27.450
tf,NFO,79640,,,,,27.80,34.30,,1745209648,,,,,25407225,,,27.70,27.80,4200,1725,2025-04-21 09:57:27.681
tf,NFO,79640,,,,,27.70,33.82,,1745209649,,,,,25411725,,,27.60,27.70,3375,1875,2025-04-21 09:57:29.306
tf,NFO,79640,,,,,27.75,34.06,,1745209650,,,,,,,,,,,,2025-04-21 09:57:30.428
tf,NFO,79640,,,,,27.65,33.57,,1745209651,,,,,25414050,,,,27.65,150,3225,2025-04-21 09:57:31.105
tf,NFO,79640,,,,,27.70,33.82,,1745209651,,,,,,,,,,,,2025-04-21 09:57:31.425
tf,NFO,79640,,,,,27.50,32.85,,1745209652,,,,,,,,,,,,2025-04-21 09:57:32.428
tf,NFO,79640,,,,,27.55,33.09,,1745209653,,,,,25420650,,,27.50,27.55,75,3900,2025-04-21 09:57:32.787
tf,NFO,79640,,,,,27.50,32.85,,1745209653,,,,,,,,,,,,2025-04-21 09:57:33.441
tf,NFO,79640,,,,,27.60,33.33,,1745209654,,,,,25424775,,,27.55,27.65,975,4425,2025-04-21 09:57:34.301
tf,NFO,79640,,,,,27.70,33.82,,1745209655,,,,,,,,,,,,2025-04-21 09:57:35.433
tf,NFO,79640,,,,,,,,1745209656,,,,,25426875,,,27.65,27.75,675,5475,2025-04-21 09:57:36.078
tf,NFO,79640,,,,,27.65,33.57,,1745209657,,,,,,,,,,,,2025-04-21 09:57:37.432
tf,NFO,79640,,,,,27.70,33.82,,1745209658,,,,,25437000,,,27.60,27.70,4500,1800,2025-04-21 09:57:37.681
tf,NFO,79640,,,,,27.65,33.57,,1745209658,,,,,,7811250,,,,,,2025-04-21 09:57:38.442
tf,NFO,79640,,,,,27.70,33.82,,1745209659,,,,24.40,25439175,,,27.65,27.75,2700,2400,2025-04-21 09:57:39.348
tf,NFO,79640,,,,,27.80,34.30,,1745209659,,,,,,,,,,,,2025-04-21 09:57:39.431
tf,NFO,79640,,,,,,,,1745209661,,,,,25449075,,,,,2100,2700,2025-04-21 09:57:40.894
tf,NFO,79640,,,,,27.70,33.82,,1745209661,,,,,,,,,,,,2025-04-21 09:57:41.435
tf,NFO,79640,,,,,27.90,34.78,,1745209662,,,,,,,,,,,,2025-04-21 09:57:42.441
tf,NFO,79640,,,,,,,,1745209663,,,,,25457325,,,27.80,27.90,2850,4275,2025-04-21 09:57:42.688
tf,NFO,79640,,,,,27.95,35.02,,1745209663,,,,,,,,,,,,2025-04-21 09:57:43.432
tf,NFO,79640,,,,,28.00,35.27,,1745209664,,,,,25460100,,,27.95,28.00,1500,13725,2025-04-21 09:57:44.316
tf,NFO,79640,,,,,28.25,36.47,,1745209665,,,,,,,,,,,,2025-04-21 09:57:45.540
tf,NFO,79640,,,,,28.30,36.71,,1745209666,,,,,25478925,,,28.30,28.40,3000,2775,2025-04-21 09:57:45.934
tf,NFO,79640,,,,,28.55,37.92,,1745209666,,,,,,,,,,,,2025-04-21 09:57:46.437
tf,NFO,79640,,,,,28.45,37.44,,1745209667,,,,,,,,,,,,2025-04-21 09:57:47.440
tf,NFO,79640,,,,,28.40,37.20,,1745209668,,,,,25495875,,,,,1500,2550,2025-04-21 09:57:47.701
tf,NFO,79640,,,,,28.20,36.23,,1745209668,,,,,,,,,,,,2025-04-21 09:57:48.463
tf,NFO,79640,,,,,27.75,34.06,,1745209669,,,,24.41,25509525,,,27.65,27.75,3600,2175,2025-04-21 09:57:49.305
tf,NFO,79640,,,,,27.70,33.82,,1745209669,,,,,,,,,,,,2025-04-21 09:57:49.448
tf,NFO,79640,,,,,27.85,34.54,,1745209670,,,,,,,,,,,,2025-04-21 09:57:50.446
tf,NFO,79640,,,,,27.90,34.78,,1745209671,,,,,25519950,,,27.75,27.85,3075,2550,2025-04-21 09:57:50.908
tf,NFO,79640,,,,,27.70,33.82,,1745209671,,,,,,,,,,,,2025-04-21 09:57:51.484
tf,NFO,79640,,,,,27.75,34.06,,1745209672,,,,,,,,,,,,2025-04-21 09:57:52.455
tf,NFO,79640,,,,,,,,1745209673,,,,,25530600,,,27.65,27.75,1125,6975,2025-04-21 09:57:52.720
tf,NFO,79640,,,,,27.60,33.33,,1745209673,,,,,,,,,,,,2025-04-21 09:57:53.504
tf,NFO,79640,,,,,27.55,33.09,,1745209674,,,,,25542525,,,27.50,27.60,4950,3525,2025-04-21 09:57:54.408
tf,NFO,79640,,,,,27.60,33.33,,1745209674,,,,,,,,,,,,2025-04-21 09:57:54.610
tf,NFO,79640,,,,,27.70,33.82,,1745209675,,,,,,,,,,,,2025-04-21 09:57:55.448
tf,NFO,79640,,,,,27.75,34.06,,1745209676,,,,,25548075,,,27.70,27.75,2100,975,2025-04-21 09:57:55.941
tf,NFO,79640,,,,,27.60,33.33,,1745209676,,,,,,,,,,,,2025-04-21 09:57:56.451
tf,NFO,79640,,,,,27.30,31.88,,1745209677,,,,,,,,,,,,2025-04-21 09:57:57.444
tf,NFO,79640,,,,,27.20,31.40,,1745209678,,,,,25561875,,,27.20,27.30,4050,2250,2025-04-21 09:57:57.804
tf,NFO,79640,,,,,27.25,31.64,,1745209678,,,,,,,,,,,,2025-04-21 09:57:58.491
tf,NFO,79640,,,,,27.45,32.61,,1745209679,,,,,25578750,,,27.40,27.45,750,75,2025-04-21 09:57:59.353
tf,NFO,79640,,,,,27.55,33.09,,1745209679,,,,,,,,,,,,2025-04-21 09:57:59.441
tf,NFO,79640,,,,,27.80,34.30,,1745209680,,,,,,,,,,,,2025-04-21 09:58:00.455
tf,NFO,79640,,,,,27.85,34.54,,1745209681,,,,,25584750,,,27.75,27.85,2400,3300,2025-04-21 09:58:00.963
tf,NFO,79640,,,,,27.75,34.06,,1745209681,,,,,,,,,,,,2025-04-21 09:58:01.443
tf,NFO,79640,,,,,27.70,33.82,,1745209682,,,,,,,,,,,,2025-04-21 09:58:02.444
tf,NFO,79640,,,,,27.80,34.30,,1745209683,,,,24.42,25591425,,,27.70,27.80,3600,2625,2025-04-21 09:58:02.720
tf,NFO,79640,,,,,27.90,34.78,,1745209684,,,,,25596300,,,27.80,27.90,2850,4500,2025-04-21 09:58:04.327
tf,NFO,79640,,,,,27.75,34.06,,1745209685,,,,,,,,,,,,2025-04-21 09:58:05.852
tf,NFO,79640,,,,,27.70,33.82,,1745209686,,,,,25597725,,,27.60,27.70,1950,4950,2025-04-21 09:58:06.010
tf,NFO,79640,,,,,27.80,34.30,,1745209686,,,,,,,,,,,,2025-04-21 09:58:06.447
tf,NFO,79640,,,,,27.85,34.54,,1745209687,,,,,,,,,,,,2025-04-21 09:58:07.448
tf,NFO,79640,,,,,27.90,34.78,,1745209688,,,,,25601775,,,27.80,27.90,2400,3750,2025-04-21 09:58:07.730
tf,NFO,79640,,,,,27.95,35.02,,1745209688,,,,,,,,,,,,2025-04-21 09:58:08.461
tf,NFO,79640,,,,,28.00,35.27,,1745209689,,,,,25608450,,,28.00,28.10,4275,1500,2025-04-21 09:58:09.333
tf,NFO,79640,,,,,28.05,35.51,,1745209689,,,,,,,,,,,,2025-04-21 09:58:09.448
tf,NFO,79640,,,,,28.00,35.27,,1745209690,,,,,,,,,,,,2025-04-21 09:58:10.489
tf,NFO,79640,,,,,28.40,37.20,,1745209691,,,,,25614975,,,28.40,28.45,2400,675,2025-04-21 09:58:10.965
tf,NFO,79640,,,,,28.30,36.71,,1745209691,,,,,,,,,,,,2025-04-21 09:58:11.462
tf,NFO,79640,,,,,28.15,35.99,,1745209692,,,,,,,,,,,,2025-04-21 09:58:12.534
tf,NFO,79640,,,,,28.25,36.47,,1745209693,,,,,25625250,,,28.15,28.25,1575,3075,2025-04-21 09:58:12.740
tf,NFO,79640,,,,,28.20,36.23,,1745209693,,,,,,,,,,,,2025-04-21 09:58:13.462
tf,NFO,79640,,,,,28.25,36.47,,1745209694,,,,,25631625,,,28.20,28.30,,4050,2025-04-21 09:58:14.345
tf,NFO,79640,,,,,28.10,35.75,,1745209695,,,,,,,,,,,,2025-04-21 09:58:15.474
tf,NFO,79640,,,,,28.05,35.51,,1745209696,,,,,25641750,,,28.05,28.15,375,5100,2025-04-21 09:58:15.971
tf,NFO,79640,,,,,28.15,35.99,,1745209696,,,,,,,,,,,,2025-04-21 09:58:16.450
tf,NFO,79640,,,,,28.05,35.51,,1745209697,,,,,,,,,,,,2025-04-21 09:58:18.300
tf,NFO,79640,,,,,28.10,35.75,,1745209698,,,,24.43,25660350,,,28.10,,750,1950,2025-04-21 09:58:18.343
tf,NFO,79640,,,,,28.00,35.27,,1745209698,,,,,,,,,,,,2025-04-21 09:58:18.524
tf,NFO,79640,,,,,27.95,35.02,,1745209699,,,,,25667550,,,27.90,28.00,4725,3450,2025-04-21 09:58:19.350
tf,NFO,79640,,,,,28.00,35.27,,1745209700,,,,,,,,,,,,2025-04-21 09:58:20.453
tf,NFO,79640,,,,,27.95,35.02,,1745209701,,,,,25671750,,,27.85,27.95,4125,3075,2025-04-21 09:58:20.956
tf,NFO,79640,,,,,28.00,35.27,,1745209702,,,,,,,,,,,,2025-04-21 09:58:22.463
tf,NFO,79640,,,,,,,,1745209703,,,,,25682475,,,,27.90,900,600,2025-04-21 09:58:22.753
tf,NFO,79640,,,,,27.80,34.30,,1745209703,,,,,,,,,,,,2025-04-21 09:58:23.458
tf,NFO,79640,,,,,27.90,34.78,,1745209704,,,,,25689375,,,,27.95,3375,2475,2025-04-21 09:58:24.581
