t,e,tk,ts,pp,ls,ti,lp,pc,c,ft,o,h,l,ap,v,oi,poi,bp1,sp1,bq1,sq1,received_timestamp
tk,NFO,79536,NIFTY24APR25P24000,2,75,0.05,161.65,-40.49,271.65,1745209404,211.00,260.70,150.20,186.43,27622875,5246475,2049000,161.30,161.70,675,225,2025-04-21 09:53:24.028
tf,NFO,79536,,,,,161.20,-40.66,,1745209404,,,,,,,,,,,,2025-04-21 09:53:24.367
tf,NFO,79536,,,,,161.50,-40.55,,1745209405,,,,,,,,,,,,2025-04-21 09:53:25.370
tf,NFO,79536,,,,,161.95,-40.38,,1745209405,,,,,27632700,,,161.65,161.90,600,900,2025-04-21 09:53:25.614
tf,NFO,79536,,,,,162.80,-40.07,,1745209406,,,,,,,,,,,,2025-04-21 09:53:26.442
tf,NFO,79536,,,,,162.25,-40.27,,1745209407,,,,186.41,27645900,,,162.00,162.35,750,225,2025-04-21 09:53:27.248
tf,NFO,79536,,,,,162.20,-40.29,,1745209407,,,,,,,,,,,,2025-04-21 09:53:27.451
tf,NFO,79536,,,,,163.50,-39.81,,1745209408,,,,,,,,,,,,2025-04-21 09:53:28.454
tf,NFO,79536,,,,,164.00,-39.63,,1745209409,,,,186.40,27660450,,,163.80,164.00,375,75,2025-04-21 09:53:28.873
tf,NFO,79536,,,,,163.25,-39.90,,1745209410,,,,,,,,,,,,2025-04-21 09:53:30.372
tf,NFO,79536,,,,,163.00,-40.00,,1745209410,,,,186.39,27678675,,,162.80,163.00,75,450,2025-04-21 09:53:30.620
tf,NFO,79536,,,,,163.05,-39.98,,1745209411,,,,,,,,,,,,2025-04-21 09:53:31.377
tf,NFO,79536,,,,,162.60,-40.14,,1745209412,,,,186.38,27689925,,,162.60,162.90,300,300,2025-04-21 09:53:32.218
tf,NFO,79536,,,,,163.70,-39.74,,1745209412,,,,,,,,,,,,2025-04-21 09:53:32.380
tf,NFO,79536,,,,,164.35,-39.50,,1745209413,,,,,,,,,,,,2025-04-21 09:53:33.403
tf,NFO,79536,,,,,164.70,-39.37,,1745209414,,,,186.37,27698400,,,164.30,164.65,525,1500,2025-04-21 09:53:33.837
tf,NFO,79536,,,,,163.85,-39.68,,1745209414,,,,,,,,,,,,2025-04-21 09:53:34.373
tf,NFO,79536,,,,,164.40,-39.48,,1745209415,,,,,,,,,,,,2025-04-21 09:53:35.376
tf,NFO,79536,,,,,164.05,-39.61,,1745209415,,,,186.36,27711075,,,163.85,164.25,150,675,2025-04-21 09:53:35.624
tf,NFO,79536,,,,,163.25,-39.90,,1745209416,,,,,,,,,,,,2025-04-21 09:53:36.376
tf,NFO,79536,,,,,163.10,-39.96,,1745209417,,,,186.35,27720075,,,163.20,163.55,750,375,2025-04-21 09:53:37.224
tf,NFO,79536,,,,,162.75,-40.09,,1745209418,,,,,,,,,,,,2025-04-21 09:53:38.380
tf,NFO,79536,,,,,162.30,-40.25,,1745209419,,,,186.34,27732525,,,162.05,162.40,600,150,2025-04-21 09:53:38.869
tf,NFO,79536,,,,,162.80,-40.07,,1745209419,,,,,,,,,,,,2025-04-21 09:53:39.479
tf,NFO,79536,,,,,161.30,-40.62,,1745209420,,,,,,,,,,,,2025-04-21 09:53:40.423
tf,NFO,79536,,,,,161.40,-40.59,,1745209420,,,,186.33,27743100,,,161.20,161.40,450,225,2025-04-21 09:53:40.567
tf,NFO,79536,,,,,160.45,-40.94,,1745209421,,,,,,,,,,,,2025-04-21 09:53:41.386
tf,NFO,79536,,,,,161.55,-40.53,,1745209422,,,,186.32,27753375,,,161.05,161.45,750,450,2025-04-21 09:53:42.250
tf,NFO,79536,,,,,161.50,-40.55,,1745209422,,,,,,,,,,,,2025-04-21 09:53:42.394
tf,NFO,79536,,,,,163.25,-39.90,,1745209423,,,,,,,,,,,,2025-04-21 09:53:43.385
tf,NFO,79536,,,,,163.30,-39.89,,1745209424,,,,,27762300,,,163.25,163.60,,75,2025-04-21 09:53:43.858
tf,NFO,79536,,,,,162.25,-40.27,,1745209424,,,,,,,,,,,,2025-04-21 09:53:44.389
tf,NFO,79536,,,,,161.85,-40.42,,1745209425,,,,,,,,,,,,2025-04-21 09:53:45.381
tf,NFO,79536,,,,,162.40,-40.22,,1745209425,,,,186.31,27770850,,,162.40,162.70,525,,2025-04-21 09:53:45.459
tf,NFO,79536,,,,,162.60,-40.14,,1745209426,,,,,,,,,,,,2025-04-21 09:53:46.517
tf,NFO,79536,,,,,162.15,-40.31,,1745209427,,,,186.30,27777750,,,162.05,162.45,450,375,2025-04-21 09:53:47.265
tf,NFO,79536,,,,,162.20,-40.29,,1745209427,,,,,,,,,,,,2025-04-21 09:53:47.401
tf,NFO,79536,,,,,161.55,-40.53,,1745209428,,,,,,,,,,,,2025-04-21 09:53:48.386
tf,NFO,79536,,,,,162.30,-40.25,,1745209429,,,,,27781950,,,162.00,162.35,75,525,2025-04-21 09:53:48.863
tf,NFO,79536,,,,,162.00,-40.36,,1745209429,,,,,,,,,,,,2025-04-21 09:53:49.386
tf,NFO,79536,,,,,163.00,-40.00,,1745209430,,,,,,,,,,,,2025-04-21 09:53:50.384
tf,NFO,79536,,,,,162.85,-40.05,,1745209430,,,,,27785625,,,162.85,163.00,150,1800,2025-04-21 09:53:50.464
tf,NFO,79536,,,,,161.60,-40.51,,1745209431,,,,,,,,,,,,2025-04-21 09:53:51.396
tf,NFO,79536,,,,,162.00,-40.36,,1745209432,,,,186.28,27798825,,,161.50,161.85,225,150,2025-04-21 09:53:52.409
tf,NFO,79536,,,,,161.95,-40.38,,1745209432,,,,,,,,,,,,2025-04-21 09:53:52.421
tf,NFO,79536,,,,,161.60,-40.51,,1745209433,,,,,,,,,,,,2025-04-21 09:53:53.466
tf,NFO,79536,,,,,162.35,-40.24,,1745209434,,,,,27804825,,,161.80,162.20,900,1050,2025-04-21 09:53:53.901
tf,NFO,79536,,,,,161.80,-40.44,,1745209434,,,,,,,,,,,,2025-04-21 09:53:54.419
tf,NFO,79536,,,,,162.15,-40.31,,1745209435,,,,,,,,,,,,2025-04-21 09:53:55.456
tf,NFO,79536,,,,,162.45,-40.20,,1745209435,,,,186.27,27810000,,,162.25,162.60,150,825,2025-04-21 09:53:55.492
tf,NFO,79536,,,,,161.25,-40.64,,1745209436,,,,,,,,,,,,2025-04-21 09:53:56.406
tf,NFO,79536,,,,,161.90,-40.40,,1745209437,,,,,27818925,,,161.80,162.05,,450,2025-04-21 09:53:57.255
tf,NFO,79536,,,,,162.70,-40.11,,1745209437,,,,,,,,,,,,2025-04-21 09:53:57.597
tf,NFO,79536,,,,,161.45,-40.57,,1745209438,,,,,,,,,,,,2025-04-21 09:53:58.391
tf,NFO,79536,,,,,161.30,-40.62,,1745209439,,,,186.26,27824025,,,161.25,161.55,75,375,2025-04-21 09:53:58.887
tf,NFO,79536,,,,,161.20,-40.66,,1745209439,,,,,,,,,,,,2025-04-21 09:53:59.456
tf,NFO,79536,,,,,160.70,-40.84,,1745209440,,,,,,,,,,,,2025-04-21 09:54:00.421
tf,NFO,79536,,,,,160.80,-40.81,,1745209440,,,,186.23,27855600,,,160.65,161.00,,1200,2025-04-21 09:54:00.633
tf,NFO,79536,,,,,161.35,-40.60,,1745209441,,,,,,,,,,,,2025-04-21 09:54:01.458
tf,NFO,79536,,,,,160.20,-41.03,,1745209442,,,,186.22,27868125,,,160.20,160.45,375,1725,2025-04-21 09:54:02.273
tf,NFO,79536,,,,,160.10,-41.06,,1745209442,,,,,,,,,,,,2025-04-21 09:54:02.477
tf,NFO,79536,,,,,160.65,-40.86,,1745209443,,,,,,,,,,,,2025-04-21 09:54:03.395
tf,NFO,79536,,,,,161.20,-40.66,,1745209444,,,,186.21,27881025,,,160.95,161.30,225,1275,2025-04-21 09:54:03.891
tf,NFO,79536,,,,,160.85,-40.79,,1745209444,,,,,,,,,,,,2025-04-21 09:54:04.393
tf,NFO,79536,,,,,161.00,-40.73,,1745209445,,,,,,,,,,,,2025-04-21 09:54:05.396
tf,NFO,79536,,,,,,,,1745209445,,,,186.20,27888675,,,160.80,161.00,150,1650,2025-04-21 09:54:05.569
tf,NFO,79536,,,,,162.20,-40.29,,1745209446,,,,,,,,,,,,2025-04-21 09:54:06.397
tf,NFO,79536,,,,,161.40,-40.59,,1745209447,,,,,27895275,,,161.05,161.45,675,600,2025-04-21 09:54:07.270
tf,NFO,79536,,,,,160.90,-40.77,,1745209447,,,,,,,,,,,,2025-04-21 09:54:07.405
tf,NFO,79536,,,,,160.65,-40.86,,1745209448,,,,,,,,,,,,2025-04-21 09:54:08.399
tf,NFO,79536,,,,,161.35,-40.60,,1745209449,,,,186.19,27906000,,,161.00,161.35,1125,75,2025-04-21 09:54:08.894
tf,NFO,79536,,,,,161.00,-40.73,,1745209450,,,,,,,,,,,,2025-04-21 09:54:10.397
tf,NFO,79536,,,,,161.40,-40.59,,1745209450,,,,186.18,27914100,,,161.60,161.90,75,525,2025-04-21 09:54:10.480
tf,NFO,79536,,,,,161.55,-40.53,,1745209451,,,,,,,,,,,,2025-04-21 09:54:11.400
tf,NFO,79536,,,,,161.30,-40.62,,1745209452,,,,186.17,27922125,,,161.30,161.65,900,300,2025-04-21 09:54:12.280
tf,NFO,79536,,,,,161.40,-40.59,,1745209452,,,,,,,,,,,,2025-04-21 09:54:12.492
tf,NFO,79536,,,,,162.35,-40.24,,1745209453,,,,,,,,,,,,2025-04-21 09:54:13.560
tf,NFO,79536,,,,,161.45,-40.57,,1745209454,,,,,27929250,,,161.80,162.00,375,75,2025-04-21 09:54:13.979
tf,NFO,79536,,,,,162.20,-40.29,,1745209454,,,,,,,,,,,,2025-04-21 09:54:14.456
tf,NFO,79536,,,,,161.25,-40.64,,1745209455,,,,,,,,,,,,2025-04-21 09:54:15.429
tf,NFO,79536,,,,,161.30,-40.62,,1745209455,,,,186.16,27938100,,,161.00,161.30,450,1125,2025-04-21 09:54:15.511
tf,NFO,79536,,,,,159.75,-41.19,,1745209456,,,,,,,,,,,,2025-04-21 09:54:16.418
tf,NFO,79536,,,,,160.05,-41.08,,1745209457,,,,186.13,27966000,,,160.00,160.25,300,375,2025-04-21 09:54:17.304
tf,NFO,79536,,,,,160.35,-40.97,,1745209457,,,,,,,,,,,,2025-04-21 09:54:17.423
tf,NFO,79536,,,,,160.00,-41.10,,1745209458,,,,,,,,,,,,2025-04-21 09:54:18.416
tf,NFO,79536,,,,,159.45,-41.30,,1745209459,,,,186.12,27975600,,,159.40,159.75,375,150,2025-04-21 09:54:18.903
tf,NFO,79536,,,,,158.90,-41.51,,1745209459,,,,,,,,,,,,2025-04-21 09:54:20.067
tf,NFO,79536,,,,,158.00,-41.84,,1745209460,,,,,,,,,,,,2025-04-21 09:54:20.496
tf,NFO,79536,,,,,157.75,-41.93,,1745209460,,,,186.09,28006050,,,157.75,158.10,150,1650,2025-04-21 09:54:20.584
tf,NFO,79536,,,,,157.70,-41.95,,1745209461,,,,,,,,,,,,2025-04-21 09:54:21.415
tf,NFO,79536,,,,,157.10,-42.17,,1745209462,,,,186.07,28025850,,,157.25,157.60,600,675,2025-04-21 09:54:22.192
tf,NFO,79536,,,,,157.40,-42.06,,1745209462,,,,,,,,,,,,2025-04-21 09:54:22.514
tf,NFO,79536,,,,,157.45,-42.04,,1745209463,,,,,,,,,,,,2025-04-21 09:54:23.407
tf,NFO,79536,,,,,156.70,-42.32,,1745209464,,,,186.05,28050300,,,156.60,156.95,675,300,2025-04-21 09:54:24.013
tf,NFO,79536,,,,,157.25,-42.11,,1745209464,,,,,,,,,,,,2025-04-21 09:54:24.478
tf,NFO,79536,,,,,157.70,-41.95,,1745209465,,,,,,,,,,,,2025-04-21 09:54:25.607
tf,NFO,79536,,,,,,,,1745209465,,,,186.03,28067400,,,157.35,157.75,450,825,2025-04-21 09:54:25.610
tf,NFO,79536,,,,,157.00,-42.21,,1745209467,,,,186.02,28080450,,,157.00,157.35,825,600,2025-04-21 09:54:27.135
tf,NFO,79536,,,,,157.80,-41.91,,1745209467,,,,,,,,,,,,2025-04-21 09:54:27.410
tf,NFO,79536,,,,,157.70,-41.95,,1745209468,,,,,,,,,,,,2025-04-21 09:54:28.410
tf,NFO,79536,,,,,157.30,-42.09,,1745209469,,,,186.00,28091400,,,157.35,157.75,450,375,2025-04-21 09:54:28.905
tf,NFO,79536,,,,,157.10,-42.17,,1745209469,,,,,,,,,,,,2025-04-21 09:54:29.427
tf,NFO,79536,,,,,158.10,-41.80,,1745209470,,,,,,,,,,,,2025-04-21 09:54:30.504
tf,NFO,79536,,,,,158.40,-41.69,,1745209470,,,,185.99,28105800,,,158.10,158.45,825,450,2025-04-21 09:54:30.507
tf,NFO,79536,,,,,157.05,-42.19,,1745209471,,,,,,,,,,,,2025-04-21 09:54:31.411
tf,NFO,79536,,,,,157.70,-41.95,,1745209472,,,,185.97,28122225,,,157.55,157.85,225,150,2025-04-21 09:54:32.185
tf,NFO,79536,,,,,157.50,-42.02,,1745209472,,,,,,,,,,,,2025-04-21 09:54:32.553
tf,NFO,79536,,,,,158.25,-41.74,,1745209473,,,,,,,,,,,,2025-04-21 09:54:33.441
tf,NFO,79536,,,,,157.45,-42.04,,1745209474,,,,185.96,28134600,,,157.15,157.50,375,825,2025-04-21 09:54:34.000
tf,NFO,79536,,,,,157.30,-42.09,,1745209474,,,,,,,,,,,,2025-04-21 09:54:34.417
tf,NFO,79536,,,,,157.50,-42.02,,1745209475,,,,,,,,,,,,2025-04-21 09:54:35.463
tf,NFO,79536,,,,,157.70,-41.95,,1745209475,,,,185.95,28146225,,,157.70,158.10,750,900,2025-04-21 09:54:35.628
tf,NFO,79536,,,,,157.25,-42.11,,1745209476,,,,,,,,,,,,2025-04-21 09:54:36.418
tf,NFO,79536,,,,,157.40,-42.06,,1745209477,,,,185.93,28160775,,,157.10,157.40,150,150,2025-04-21 09:54:37.148
tf,NFO,79536,,,,,157.05,-42.19,,1745209477,,,,,,,,,,,,2025-04-21 09:54:37.415
tf,NFO,79536,,,,,157.20,-42.13,,1745209478,,,,,,,,,,,,2025-04-21 09:54:38.421
tf,NFO,79536,,,,,157.50,-42.02,,1745209479,,,,185.92,28170975,,,157.30,157.50,,75,2025-04-21 09:54:38.977
tf,NFO,79536,,,,,156.70,-42.32,,1745209479,,,,,,5313825,,,,,,2025-04-21 09:54:39.559
tf,NFO,79536,,,,,156.25,-42.48,,1745209480,,,,,,,,,,,,2025-04-21 09:54:40.420
tf,NFO,79536,,,,,155.90,-42.61,,1745209480,,,,185.91,28186650,,,156.00,156.35,525,300,2025-04-21 09:54:40.518
tf,NFO,79536,,,,,155.55,-42.74,,1745209482,,,,185.88,28209525,,,155.60,155.90,75,900,2025-04-21 09:54:42.119
tf,NFO,79536,,,,,156.25,-42.48,,1745209483,,,,,,,,,,,,2025-04-21 09:54:43.417
tf,NFO,79536,,,,,156.20,-42.50,,1745209484,,,,185.87,28223850,,,156.20,156.50,150,75,2025-04-21 09:54:43.921
tf,NFO,79536,,,,,156.50,-42.39,,1745209484,,,,,,,,,,,,2025-04-21 09:54:44.419
tf,NFO,79536,,,,,155.80,-42.65,,1745209485,,,,,,,,,,,,2025-04-21 09:54:45.536
tf,NFO,79536,,,,,155.30,-42.83,,1745209485,,,,185.85,28239375,,,155.20,155.60,450,1200,2025-04-21 09:54:45.538
tf,NFO,79536,,,,,156.05,-42.55,,1745209486,,,,,,,,,,,,2025-04-21 09:54:46.516
tf,NFO,79536,,,,,155.60,-42.72,,1745209487,,,,185.83,28255875,,,155.25,,225,150,2025-04-21 09:54:47.157
tf,NFO,79536,,,,,155.40,-42.79,,1745209487,,,,,,,,,,,,2025-04-21 09:54:47.527
tf,NFO,79536,,,,,154.95,-42.96,,1745209488,,,,,,,,,,,,2025-04-21 09:54:48.425
tf,NFO,79536,,,,,,,,1745209489,,,,185.78,28302750,,,154.95,155.25,150,600,2025-04-21 09:54:48.932
tf,NFO,79536,,,,,155.05,-42.92,,1745209489,,,,,,,,,,,,2025-04-21 09:54:49.431
tf,NFO,79536,,,,,155.30,-42.83,,1745209490,,,,,,,,,,,,2025-04-21 09:54:50.431
tf,NFO,79536,,,,,154.95,-42.96,,1745209490,,,,185.77,28313850,,,154.90,,,375,2025-04-21 09:54:50.531
tf,NFO,79536,,,,,156.75,-42.30,,1745209491,,,,,,,,,,,,2025-04-21 09:54:51.446
tf,NFO,79536,,,,,156.20,-42.50,,1745209492,,,,185.76,28327650,,,156.15,156.50,,900,2025-04-21 09:54:52.289
tf,NFO,79536,,,,,155.60,-42.72,,1745209492,,,,,,,,,,,,2025-04-21 09:54:52.459
tf,NFO,79536,,,,,154.35,-43.18,,1745209493,,,,,,,,,,,,2025-04-21 09:54:53.625
tf,NFO,79536,,,,,154.75,-43.03,,1745209494,,,,185.73,28348125,,,154.35,154.70,975,600,2025-04-21 09:54:53.950
tf,NFO,79536,,,,,154.20,-43.24,,1745209494,,,,,,,,,,,,2025-04-21 09:54:54.425
tf,NFO,79536,,,,,154.50,-43.13,,1745209495,,,,185.72,28362675,,,154.25,154.55,300,150,2025-04-21 09:54:55.540
tf,NFO,79536,,,,,154.40,-43.16,,1745209496,,,,,,,,,,,,2025-04-21 09:54:56.426
tf,NFO,79536,,,,,155.60,-42.72,,1745209497,,,,185.70,28375425,,,155.35,155.70,375,525,2025-04-21 09:54:57.156
tf,NFO,79536,,,,,155.65,-42.70,,1745209497,,,,,,,,,,,,2025-04-21 09:54:57.462
tf,NFO,79536,,,,,155.15,-42.89,,1745209498,,,,,,,,,,,,2025-04-21 09:54:58.600
tf,NFO,79536,,,,,154.50,-43.13,,1745209499,,,,185.69,28388625,,,154.50,154.80,1125,,2025-04-21 09:54:59.106
tf,NFO,79536,,,,,154.00,-43.31,,1745209499,,,,,,,,,,,,2025-04-21 09:54:59.797
tf,NFO,79536,,,,,153.15,-43.62,,1745209500,,,,,,,,,,,,2025-04-21 09:55:00.500
tf,NFO,79536,,,,,153.25,-43.59,,1745209500,,,,185.65,28419975,,,153.20,153.50,150,1050,2025-04-21 09:55:00.616
tf,NFO,79536,,,,,154.95,-42.96,,1745209501,,,,,,,,,,,,2025-04-21 09:55:01.440
tf,NFO,79536,,,,,155.10,-42.90,,1745209502,,,,185.63,28439925,,,154.95,155.30,,600,2025-04-21 09:55:02.177
tf,NFO,79536,,,,,155.60,-42.72,,1745209502,,,,,,,,,,,,2025-04-21 09:55:02.435
tf,NFO,79536,,,,,155.25,-42.85,,1745209503,,,,,,,,,,,,2025-04-21 09:55:03.433
tf,NFO,79536,,,,,155.40,-42.79,,1745209504,,,,185.61,28458000,,,155.30,155.65,300,300,2025-04-21 09:55:03.952
tf,NFO,79536,,,,,154.05,-43.29,,1745209504,,,,,,,,,,,,2025-04-21 09:55:04.439
tf,NFO,79536,,,,,154.25,-43.22,,1745209505,,,,,,,,,,,,2025-04-21 09:55:05.484
tf,NFO,79536,,,,,154.30,-43.20,,1745209505,,,,185.60,28471500,,,153.90,154.25,450,225,2025-04-21 09:55:05.758
tf,NFO,79536,,,,,152.95,-43.70,,1745209507,,,,185.59,28481475,,,153.00,153.40,825,975,2025-04-21 09:55:07.187
tf,NFO,79536,,,,,153.55,-43.48,,1745209507,,,,,,,,,,,,2025-04-21 09:55:07.439
tf,NFO,79536,,,,,152.30,-43.94,,1745209508,,,,,,,,,,,,2025-04-21 09:55:08.503
tf,NFO,79536,,,,,151.85,-44.10,,1745209509,,,,185.54,28517850,,,151.80,152.10,150,675,2025-04-21 09:55:08.957
tf,NFO,79536,,,,,152.00,-44.05,,1745209509,,,,,,,,,,,,2025-04-21 09:55:09.437
tf,NFO,79536,,,,,151.60,-44.19,,1745209510,,,,,,,,,,,,2025-04-21 09:55:10.443
tf,NFO,79536,,,,,151.50,-44.23,,1745209510,,,,185.51,28543575,,,151.55,151.90,,975,2025-04-21 09:55:10.562
tf,NFO,79536,,,,,150.40,-44.63,,1745209512,,,,,,,,,,,,2025-04-21 09:55:11.643
tf,NFO,79536,,,,,151.00,-44.41,,1745209512,,,150.00,185.42,28621950,,,150.75,151.05,,750,2025-04-21 09:55:12.239
tf,NFO,79536,,,,,151.50,-44.23,,1745209512,,,,,,,,,,,,2025-04-21 09:55:12.536
tf,NFO,79536,,,,,150.20,-44.71,,1745209513,,,,,,,,,,,,2025-04-21 09:55:13.453
tf,NFO,79536,,,,,150.60,-44.56,,1745209514,,,,185.38,28656900,,,150.55,150.95,600,225,2025-04-21 09:55:13.964
tf,NFO,79536,,,,,150.45,-44.62,,1745209514,,,,,,,,,,,,2025-04-21 09:55:14.445
tf,NFO,79536,,,,,147.90,-45.55,,1745209515,,,147.70,185.28,28737375,,,147.75,147.90,75,600,2025-04-21 09:55:15.585
tf,NFO,79536,,,,,148.05,-45.50,,1745209516,,,,,,,,,,,,2025-04-21 09:55:15.643
tf,NFO,79536,,,,,148.10,-45.48,,1745209516,,,,,,,,,,,,2025-04-21 09:55:16.444
tf,NFO,79536,,,,,141.90,-47.76,,1745209517,,,141.75,185.07,28887075,,,141.75,142.00,,75,2025-04-21 09:55:17.180
tf,NFO,79536,,,,,142.05,-47.71,,1745209518,,,,,,,,,,,,2025-04-21 09:55:18.452
tf,NFO,79536,,,,,141.85,-47.78,,1745209519,,,141.30,184.96,28959900,,,141.35,141.70,225,,2025-04-21 09:55:19.035
tf,NFO,79536,,,,,142.25,-47.63,,1745209520,,,,,,,,,,,,2025-04-21 09:55:19.877
tf,NFO,79536,,,,,142.05,-47.71,,1745209520,,,,,,,,,,,,2025-04-21 09:55:20.446
tf,NFO,79536,,,,,141.75,-47.82,,1745209520,,,140.60,184.87,29021025,,,141.75,142.05,450,,2025-04-21 09:55:20.590
tf,NFO,79536,,,,,141.25,-48.00,,1745209521,,,,,,,,,,,,2025-04-21 09:55:21.443
tf,NFO,79536,,,,,140.70,-48.21,,1745209522,,,,184.80,29066925,,,140.60,140.95,150,375,2025-04-21 09:55:22.199
tf,NFO,79536,,,,,141.75,-47.82,,1745209523,,,,,,,,,,,,2025-04-21 09:55:22.646
tf,NFO,79536,,,,,141.90,-47.76,,1745209523,,,,,,,,,,,,2025-04-21 09:55:23.446
tf,NFO,79536,,,,,142.30,-47.62,,1745209524,,,,184.73,29115225,,,142.40,142.70,300,75,2025-04-21 09:55:23.786
tf,NFO,79536,,,,,142.70,-47.47,,1745209524,,,,,,,,,,,,2025-04-21 09:55:24.450
tf,NFO,79536,,,,,144.00,-46.99,,1745209525,,,,,,,,,,,,2025-04-21 09:55:25.686
tf,NFO,79536,,,,,143.85,-47.05,,1745209525,,,,184.68,29148300,,,143.95,144.25,375,150,2025-04-21 09:55:25.692
tf,NFO,79536,,,,,143.25,-47.27,,1745209526,,,,,,,,,,,,2025-04-21 09:55:26.464
tf,NFO,79536,,,,,142.30,-47.62,,1745209527,,,,184.64,29175525,,,142.05,142.40,450,450,2025-04-21 09:55:27.192
tf,NFO,79536,,,,,142.00,-47.73,,1745209527,,,,,,,,,,,,2025-04-21 09:55:27.451
tf,NFO,79536,,,,,141.40,-47.95,,1745209529,,,,,,,,,,,,2025-04-21 09:55:28.652
tf,NFO,79536,,,,,140.75,-48.19,,1745209529,,,,184.59,29208225,,,140.75,141.05,75,225,2025-04-21 09:55:28.790
tf,NFO,79536,,,,,141.60,-47.87,,1745209529,,,,,,,,,,,,2025-04-21 09:55:29.447
tf,NFO,79536,,,,,142.55,-47.52,,1745209530,,,,184.56,29234700,,,142.55,142.85,225,,2025-04-21 09:55:30.419
tf,NFO,79536,,,,,142.65,-47.49,,1745209530,,,,,,,,,,,,2025-04-21 09:55:30.451
tf,NFO,79536,,,,,143.70,-47.10,,1745209531,,,,,,,,,,,,2025-04-21 09:55:31.457
tf,NFO,79536,,,,,143.50,-47.17,,1745209532,,,,184.47,29298225,,,143.20,143.50,,150,2025-04-21 09:55:32.194
tf,NFO,79536,,,,,143.70,-47.10,,1745209532,,,,,,,,,,,,2025-04-21 09:55:32.624
tf,NFO,79536,,,,,142.85,-47.41,,1745209533,,,,,,,,,,,,2025-04-21 09:55:33.462
tf,NFO,79536,,,,,143.20,-47.29,,1745209534,,,,184.43,29325975,,,143.25,,,,2025-04-21 09:55:33.812
tf,NFO,79536,,,,,143.40,-47.21,,1745209534,,,,,,,,,,,,2025-04-21 09:55:34.451
tf,NFO,79536,,,,,143.95,-47.01,,1745209535,,,,184.40,29349300,,,144.00,144.25,975,525,2025-04-21 09:55:35.404
tf,NFO,79536,,,,,144.30,-46.88,,1745209537,,,,,,,,,,,,2025-04-21 09:55:36.657
tf,NFO,79536,,,,,143.55,-47.16,,1745209537,,,,184.37,29364600,,,143.65,143.90,150,1575,2025-04-21 09:55:37.004
tf,NFO,79536,,,,,143.10,-47.32,,1745209537,,,,,,,,,,,,2025-04-21 09:55:37.454
tf,NFO,79536,,,,,143.35,-47.23,,1745209538,,,,,,,,,,,,2025-04-21 09:55:38.474
tf,NFO,79536,,,,,143.50,-47.17,,1745209538,,,,184.35,29380500,,,143.25,143.40,,375,2025-04-21 09:55:38.625
tf,NFO,79536,,,,,143.20,-47.29,,1745209539,,,,,,,,,,,,2025-04-21 09:55:39.567
tf,NFO,79536,,,,,142.85,-47.41,,1745209540,,,,184.32,29403450,,,142.85,143.20,375,,2025-04-21 09:55:40.408
tf,NFO,79536,,,,,143.25,-47.27,,1745209540,,,,,,,,,,,,2025-04-21 09:55:40.565
tf,NFO,79536,,,,,142.80,-47.43,,1745209541,,,,,,,,,,,,2025-04-21 09:55:41.575
tf,NFO,79536,,,,,,,,1745209542,,,,184.30,29420250,,,142.70,143.05,450,750,2025-04-21 09:55:42.016
tf,NFO,79536,,,,,142.65,-47.49,,1745209542,,,,,,,,,,,,2025-04-21 09:55:42.464
tf,NFO,79536,,,,,143.15,-47.30,,1745209543,,,,184.27,29436150,,,,143.00,75,900,2025-04-21 09:55:43.617
tf,NFO,79536,,,,,142.45,-47.56,,1745209544,,,,,,,,,,,,2025-04-21 09:55:44.459
tf,NFO,79536,,,,,144.00,-46.99,,1745209545,,,,184.23,29464275,,,143.85,144.15,300,600,2025-04-21 09:55:45.505
tf,NFO,79536,,,,,143.95,-47.01,,1745209545,,,,,,,,,,,,2025-04-21 09:55:45.516
tf,NFO,79536,,,,,144.10,-46.95,,1745209546,,,,,,,,,,,,2025-04-21 09:55:46.532
tf,NFO,79536,,,,,144.30,-46.88,,1745209547,,,,184.22,29473650,,,144.10,144.35,75,75,2025-04-21 09:55:47.046
tf,NFO,79536,,,,,144.10,-46.95,,1745209547,,,,,,,,,,,,2025-04-21 09:55:47.459
tf,NFO,79536,,,,,143.45,-47.19,,1745209548,,,,,,,,,,,,2025-04-21 09:55:48.463
tf,NFO,79536,,,,,143.25,-47.27,,1745209548,,,,184.20,29486250,,,143.00,143.30,1575,975,2025-04-21 09:55:48.635
tf,NFO,79536,,,,,143.50,-47.17,,1745209549,,,,,,,,,,,,2025-04-21 09:55:49.468
tf,NFO,79536,,,,,143.20,-47.29,,1745209550,,,,184.19,29499600,,,143.35,143.65,75,225,2025-04-21 09:55:50.447
tf,NFO,79536,,,,,143.25,-47.27,,1745209550,,,,,,,,,,,,2025-04-21 09:55:50.461
tf,NFO,79536,,,,,143.55,-47.16,,1745209551,,,,,,,,,,,,2025-04-21 09:55:51.471
tf,NFO,79536,,,,,143.90,-47.03,,1745209552,,,,184.16,29517375,,,143.55,143.90,300,6975,2025-04-21 09:55:52.255
tf,NFO,79536,,,,,144.65,-46.75,,1745209553,,,,,,,,,,,,2025-04-21 09:55:52.667
tf,NFO,79536,,,,,145.60,-46.40,,1745209553,,,,,,,,,,,,2025-04-21 09:55:53.461
tf,NFO,79536,,,,,145.20,-46.55,,1745209553,,,,184.11,29552925,,,145.35,145.55,75,150,2025-04-21 09:55:53.675
tf,NFO,79536,,,,,145.50,-46.44,,1745209554,,,,,,,,,,,,2025-04-21 09:55:54.462
tf,NFO,79536,,,,,144.50,-46.81,,1745209555,,,,184.09,29573325,,,144.45,144.75,375,600,2025-04-21 09:55:55.436
tf,NFO,79536,,,,,144.75,-46.71,,1745209555,,,,,,,,,,,,2025-04-21 09:55:55.472
tf,NFO,79536,,,,,145.05,-46.60,,1745209556,,,,,,,,,,,,2025-04-21 09:55:56.475
tf,NFO,79536,,,,,145.45,-46.46,,1745209557,,,,184.06,29590125,,,145.20,145.50,600,900,2025-04-21 09:55:57.053
tf,NFO,79536,,,,,145.00,-46.62,,1745209557,,,,,,,,,,,,2025-04-21 09:55:57.463
tf,NFO,79536,,,,,146.25,-46.16,,1745209558,,,,,,,,,,,,2025-04-21 09:55:58.542
tf,NFO,79536,,,,,146.50,-46.07,,1745209559,,,,184.02,29624550,,,146.60,146.80,1275,150,2025-04-21 09:55:58.647
tf,NFO,79536,,,,,148.55,-45.32,,1745209560,,,,,,,,,,,,2025-04-21 09:55:59.668
tf,NFO,79536,,,,,148.80,-45.22,,1745209560,,,,183.96,29674650,,,148.80,149.10,300,450,2025-04-21 09:56:00.443
tf,NFO,79536,,,,,148.50,-45.33,,1745209560,,,,,,,,,,,,2025-04-21 09:56:00.474
tf,NFO,79536,,,,,148.20,-45.44,,1745209561,,,,,,,,,,,,2025-04-21 09:56:01.478
tf,NFO,79536,,,,,148.50,-45.33,,1745209562,,,,183.94,29689725,,,148.25,148.50,1050,1575,2025-04-21 09:56:02.053
tf,NFO,79536,,,,,148.70,-45.26,,1745209563,,,,,,,,,,,,2025-04-21 09:56:02.671
tf,NFO,79536,,,,,148.75,-45.24,,1745209563,,,,,,,,,,,,2025-04-21 09:56:03.472
tf,NFO,79536,,,,,148.95,-45.17,,1745209564,,,,183.91,29715150,,,148.75,149.00,450,150,2025-04-21 09:56:03.669
tf,NFO,79536,,,,,149.55,-44.95,,1745209564,,,,,,,,,,,,2025-04-21 09:56:04.478
tf,NFO,79536,,,,,149.35,-45.02,,1745209565,,,,183.90,29728350,,,149.05,149.40,75,1275,2025-04-21 09:56:05.516
tf,NFO,79536,,,,,149.00,-45.15,,1745209565,,,,,,,,,,,,2025-04-21 09:56:05.520
tf,NFO,79536,,,,,148.30,-45.41,,1745209567,,,,183.88,29743650,,,148.05,148.40,150,1200,2025-04-21 09:56:07.080
tf,NFO,79536,,,,,148.70,-45.26,,1745209567,,,,,,,,,,,,2025-04-21 09:56:07.473
tf,NFO,79536,,,,,147.80,-45.59,,1745209568,,,,,,,,,,,,2025-04-21 09:56:08.478
tf,NFO,79536,,,,,148.00,-45.52,,1745209569,,,,183.84,29775000,,,147.85,148.05,1800,150,2025-04-21 09:56:08.657
tf,NFO,79536,,,,,149.00,-45.15,,1745209569,,,,,,,,,,,,2025-04-21 09:56:09.477
tf,NFO,79536,,,,,149.55,-44.95,,1745209570,,,,183.79,29818425,,,149.35,149.60,375,225,2025-04-21 09:56:10.456
tf,NFO,79536,,,,,149.10,-45.11,,1745209571,,,,,,,,,,,,2025-04-21 09:56:11.522
tf,NFO,79536,,,,,148.75,-45.24,,1745209572,,,,183.77,29832900,,,148.60,148.90,,,2025-04-21 09:56:12.125
tf,NFO,79536,,,,,149.05,-45.13,,1745209572,,,,,,,,,,,,2025-04-21 09:56:12.526
tf,NFO,79536,,,,,148.95,-45.17,,1745209573,,,,,,,,,,,,2025-04-21 09:56:13.552
tf,NFO,79536,,,,,149.20,-45.08,,1745209574,,,,183.76,29847300,,,148.95,149.25,150,,2025-04-21 09:56:13.754
tf,NFO,79536,,,,,148.25,-45.43,,1745209574,,,,,,,,,,,,2025-04-21 09:56:14.550
tf,NFO,79536,,,,,148.10,-45.48,,1745209575,,,,183.73,29868225,,,147.90,148.10,225,,2025-04-21 09:56:15.477
tf,NFO,79536,,,,,148.15,-45.46,,1745209575,,,,,,,,,,,,2025-04-21 09:56:15.480
tf,NFO,79536,,,,,148.75,-45.24,,1745209576,,,,,,,,,,,,2025-04-21 09:56:16.481
tf,NFO,79536,,,,,,,,1745209577,,,,183.71,29886375,,,148.35,148.70,,1050,2025-04-21 09:56:17.068
tf,NFO,79536,,,,,148.40,-45.37,,1745209577,,,,,,,,,,,,2025-04-21 09:56:17.479
tf,NFO,79536,,,,,147.90,-45.55,,1745209578,,,,,,,,,,,,2025-04-21 09:56:18.511
tf,NFO,79536,,,,,148.10,-45.48,,1745209579,,,,183.69,29901525,,,148.05,148.45,825,900,2025-04-21 09:56:18.705
tf,NFO,79536,,,,,149.00,-45.15,,1745209579,,,,,,,,,,,,2025-04-21 09:56:19.499
tf,NFO,79536,,,,,148.90,-45.19,,1745209580,,,,183.67,29920725,,,148.90,149.25,,150,2025-04-21 09:56:20.471
tf,NFO,79536,,,,,149.70,-44.89,,1745209581,,,,,,,,,,,,2025-04-21 09:56:21.482
tf,NFO,79536,,,,,150.55,-44.58,,1745209582,,,,183.64,29942475,,,150.20,150.55,750,450,2025-04-21 09:56:22.080
tf,NFO,79536,,,,,150.30,-44.67,,1745209582,,,,,,,,,,,,2025-04-21 09:56:22.484
tf,NFO,79536,,,,,151.40,-44.27,,1745209583,,,,,,,,,,,,2025-04-21 09:56:23.482
tf,NFO,79536,,,,,151.30,-44.30,,1745209584,,,,183.63,29960325,,,151.25,151.65,225,375,2025-04-21 09:56:23.686
tf,NFO,79536,,,,,150.75,-44.51,,1745209584,,,,,,,,,,,,2025-04-21 09:56:24.486
tf,NFO,79536,,,,,151.35,-44.28,,1745209585,,,,183.60,29987850,,,151.00,151.40,1050,750,2025-04-21 09:56:25.497
tf,NFO,79536,,,,,151.30,-44.30,,1745209586,,,,,,,,,,,,2025-04-21 09:56:26.483
tf,NFO,79536,,,,,152.00,-44.05,,1745209587,,,,183.57,30007575,,,151.65,152.00,900,1125,2025-04-21 09:56:27.083
tf,NFO,79536,,,,,152.20,-43.97,,1745209587,,,,,,,,,,,,2025-04-21 09:56:27.486
tf,NFO,79536,,,,,,,,1745209589,,,,183.55,30030075,,,151.90,152.25,300,375,2025-04-21 09:56:28.688
tf,NFO,79536,,,,,150.85,-44.47,,1745209589,,,,,,,,,,,,2025-04-21 09:56:29.489
tf,NFO,79536,,,,,150.45,-44.62,,1745209590,,,,,,,,,,,,2025-04-21 09:56:30.491
tf,NFO,79536,,,,,,,,1745209590,,,,183.53,30045300,,,150.55,150.90,450,225,2025-04-21 09:56:30.496
tf,NFO,79536,,,,,150.05,-44.76,,1745209591,,,,,,,,,,,,2025-04-21 09:56:31.538
tf,NFO,79536,,,,,148.95,-45.17,,1745209592,,,,183.50,30079350,,,148.90,149.10,75,,2025-04-21 09:56:32.193
tf,NFO,79536,,,,,149.40,-45.00,,1745209592,,,,,,,,,,,,2025-04-21 09:56:32.572
tf,NFO,79536,,,,,149.85,-44.84,,1745209593,,,,,,,,,,,,2025-04-21 09:56:33.496
tf,NFO,79536,,,,,149.30,-45.04,,1745209594,,,,183.48,30096900,,,149.00,149.30,225,1050,2025-04-21 09:56:33.694
tf,NFO,79536,,,,,149.00,-45.15,,1745209594,,,,,,,,,,,,2025-04-21 09:56:34.489
tf,NFO,79536,,,,,149.20,-45.08,,1745209595,,,,,,,,,,,,2025-04-21 09:56:35.487
tf,NFO,79536,,,,,,,,1745209595,,,,183.46,30115350,,,148.95,149.20,975,1200,2025-04-21 09:56:35.494
tf,NFO,79536,,,,,148.30,-45.41,,1745209596,,,,,,,,,,,,2025-04-21 09:56:36.490
tf,NFO,79536,,,,,148.20,-45.44,,1745209597,,,,183.44,30130875,,,148.20,148.55,675,750,2025-04-21 09:56:37.101
tf,NFO,79536,,,,,147.95,-45.54,,1745209598,,,,,,,,,,,,2025-04-21 09:56:38.566
tf,NFO,79536,,,,,148.30,-45.41,,1745209599,,,,183.41,30153150,,,148.35,148.50,225,150,2025-04-21 09:56:38.777
tf,NFO,79536,,,,,149.35,-45.02,,1745209599,,,,,,,,,,,,2025-04-21 09:56:39.496
tf,NFO,79536,,,,,148.00,-45.52,,1745209600,,,,183.40,30165450,,,147.70,148.05,525,525,2025-04-21 09:56:40.306
tf,NFO,79536,,,,,147.75,-45.61,,1745209600,,,,,,,,,,,,2025-04-21 09:56:40.492
tf,NFO,79536,,,,,147.80,-45.59,,1745209601,,,,,,,,,,,,2025-04-21 09:56:41.504
tf,NFO,79536,,,,,147.50,-45.70,,1745209602,,,,183.37,30185550,,,147.15,147.45,75,225,2025-04-21 09:56:42.106
tf,NFO,79536,,,,,148.05,-45.50,,1745209602,,,,,,,,,,,,2025-04-21 09:56:42.495
tf,NFO,79536,,,,,147.65,-45.65,,1745209603,,,,,,,,,,,,2025-04-21 09:56:43.503
tf,NFO,79536,,,,,147.35,-45.76,,1745209604,,,,183.36,30199500,,,,147.50,450,450,2025-04-21 09:56:43.715
tf,NFO,79536,,,,,146.95,-45.90,,1745209604,,,,,,,,,,,,2025-04-21 09:56:44.493
tf,NFO,79536,,,,,146.40,-46.11,,1745209605,,,,183.32,30229575,,,146.50,146.85,600,300,2025-04-21 09:56:45.312
tf,NFO,79536,,,,,146.50,-46.07,,1745209605,,,,,,,,,,,,2025-04-21 09:56:45.516
tf,NFO,79536,,,,,146.70,-46.00,,1745209606,,,,,,,,,,,,2025-04-21 09:56:46.530
tf,NFO,79536,,,,,146.90,-45.92,,1745209607,,,,183.28,30260325,,,,146.80,75,525,2025-04-21 09:56:47.148
tf,NFO,79536,,,,,146.20,-46.18,,1745209607,,,,,,,,,,,,2025-04-21 09:56:47.550
tf,NFO,79536,,,,,147.00,-45.89,,1745209608,,,,,,,,,,,,2025-04-21 09:56:48.502
tf,NFO,79536,,,,,147.75,-45.61,,1745209609,,,,183.26,30277575,,,147.45,147.75,600,225,2025-04-21 09:56:48.721
tf,NFO,79536,,,,,148.50,-45.33,,1745209609,,,,,,,,,,,,2025-04-21 09:56:49.497
tf,NFO,79536,,,,,147.35,-45.76,,1745209610,,,,183.25,30289575,,,147.10,147.40,75,750,2025-04-21 09:56:50.325
tf,NFO,79536,,,,,147.70,-45.63,,1745209610,,,,,,,,,,,,2025-04-21 09:56:50.500
tf,NFO,79536,,,,,147.50,-45.70,,1745209611,,,,,,,,,,,,2025-04-21 09:56:52.274
tf,NFO,79536,,,,,147.45,-45.72,,1745209612,,,,183.24,30301050,,,147.30,147.65,1125,225,2025-04-21 09:56:52.302
tf,NFO,79536,,,,,147.95,-45.54,,1745209612,,,,,,,,,,,,2025-04-21 09:56:52.503
tf,NFO,79536,,,,,147.40,-45.74,,1745209613,,,,,,,,,,,,2025-04-21 09:56:53.509
tf,NFO,79536,,,,,147.55,-45.68,,1745209614,,,,183.23,30306675,,,147.00,147.35,,675,2025-04-21 09:56:53.730
tf,NFO,79536,,,,,147.60,-45.67,,1745209614,,,,,,,,,,,,2025-04-21 09:56:54.505
tf,NFO,79536,,,,,146.70,-46.00,,1745209615,,,,183.21,30319800,,,146.60,146.85,375,150,2025-04-21 09:56:55.329
tf,NFO,79536,,,,,146.60,-46.03,,1745209615,,,,,,,,,,,,2025-04-21 09:56:55.500
tf,NFO,79536,,,,,147.20,-45.81,,1745209616,,,,,,,,,,,,2025-04-21 09:56:56.504
tf,NFO,79536,,,,,146.95,-45.90,,1745209617,,,,183.19,30335400,,,,146.80,150,75,2025-04-21 09:56:57.129
tf,NFO,79536,,,,,146.55,-46.05,,1745209617,,,,,,,,,,,,2025-04-21 09:56:57.507
tf,NFO,79536,,,,,147.00,-45.89,,1745209618,,,,,,,,,,,,2025-04-21 09:56:58.634
tf,NFO,79536,,,,,146.75,-45.98,,1745209619,,,,183.18,30345300,,,146.40,146.70,300,450,2025-04-21 09:56:58.849
tf,NFO,79536,,,,,146.85,-45.94,,1745209619,,,,,,,,,,,,2025-04-21 09:56:59.520
tf,NFO,79536,,,,,145.80,-46.33,,1745209620,,,,183.12,30400200,,,145.70,146.00,450,150,2025-04-21 09:57:00.339
tf,NFO,79536,,,,,145.60,-46.40,,1745209621,,,,,,,,,,,,2025-04-21 09:57:00.705
tf,NFO,79536,,,,,145.05,-46.60,,1745209622,,,,183.04,30457800,,,144.60,144.95,1650,2100,2025-04-21 09:57:02.136
tf,NFO,79536,,,,,145.50,-46.44,,1745209622,,,,,,,,,,,,2025-04-21 09:57:02.508
tf,NFO,79536,,,,,145.35,-46.49,,1745209623,,,,,,,,,,,,2025-04-21 09:57:03.510
tf,NFO,79536,,,,,145.65,-46.38,,1745209624,,,,183.03,30465150,,,145.65,145.90,150,150,2025-04-21 09:57:03.772
tf,NFO,79536,,,,,146.05,-46.24,,1745209624,,,,,,,,,,,,2025-04-21 09:57:04.593
tf,NFO,79536,,,,,146.25,-46.16,,1745209625,,,,182.97,30520575,,,145.95,146.25,1275,75,2025-04-21 09:57:05.356
tf,NFO,79536,,,,,145.90,-46.29,,1745209625,,,,,,,,,,,,2025-04-21 09:57:05.576
tf,NFO,79536,,,,,146.15,-46.20,,1745209626,,,,,,,,,,,,2025-04-21 09:57:06.520
tf,NFO,79536,,,,,146.30,-46.14,,1745209627,,,,182.95,30536625,,,146.05,146.30,75,150,2025-04-21 09:57:07.146
tf,NFO,79536,,,,,146.00,-46.25,,1745209627,,,,,,,,,,,,2025-04-21 09:57:07.515
tf,NFO,79536,,,,,146.50,-46.07,,1745209628,,,,,,,,,,,,2025-04-21 09:57:08.527
tf,NFO,79536,,,,,146.70,-46.00,,1745209629,,,,182.94,30545700,,,146.50,146.70,150,2475,2025-04-21 09:57:08.763
tf,NFO,79536,,,,,145.95,-46.27,,1745209629,,,,,,,,,,,,2025-04-21 09:57:09.515
tf,NFO,79536,,,,,145.55,-46.42,,1745209630,,,,182.93,30554250,,,145.45,145.70,225,75,2025-04-21 09:57:10.357
tf,NFO,79536,,,,,145.70,-46.36,,1745209630,,,,,,,,,,,,2025-04-21 09:57:10.511
tf,NFO,79536,,,,,145.10,-46.59,,1745209631,,,,,,,,,,,,2025-04-21 09:57:11.558
tf,NFO,79536,,,,,145.00,-46.62,,1745209632,,,,182.91,30568575,,,145.00,145.20,75,600,2025-04-21 09:57:12.170
tf,NFO,79536,,,,,145.10,-46.59,,1745209632,,,,,,,,,,,,2025-04-21 09:57:12.550
tf,NFO,79536,,,,,145.35,-46.49,,1745209633,,,,,,,,,,,,2025-04-21 09:57:13.520
tf,NFO,79536,,,,,145.50,-46.44,,1745209634,,,,182.90,30576600,,,145.35,145.55,,375,2025-04-21 09:57:13.768
tf,NFO,79536,,,,,144.55,-46.79,,1745209634,,,,,,,,,,,,2025-04-21 09:57:14.527
tf,NFO,79536,,,,,144.35,-46.86,,1745209635,,,,182.86,30606000,,,144.00,144.30,150,975,2025-04-21 09:57:15.364
tf,NFO,79536,,,,,144.85,-46.68,,1745209636,,,,,,,,,,,,2025-04-21 09:57:15.711
tf,NFO,79536,,,,,145.85,-46.31,,1745209636,,,,,,,,,,,,2025-04-21 09:57:16.520
tf,NFO,79536,,,,,144.80,-46.70,,1745209637,,,,182.85,30613425,,,144.80,145.15,225,375,2025-04-21 09:57:17.156
tf,NFO,79536,,,,,145.55,-46.42,,1745209637,,,,,,,,,,,,2025-04-21 09:57:17.518
tf,NFO,79536,,,,,145.60,-46.40,,1745209638,,,,,,,,,,,,2025-04-21 09:57:18.519
tf,NFO,79536,,,,,145.75,-46.35,,1745209639,,,,182.83,30630075,,,145.55,145.80,150,150,2025-04-21 09:57:18.880
tf,NFO,79536,,,,,145.50,-46.44,,1745209639,,,,,,,,,,,,2025-04-21 09:57:19.515
tf,NFO,79536,,,,,145.30,-46.51,,1745209640,,,,182.82,30637425,,,145.25,145.55,,450,2025-04-21 09:57:20.373
tf,NFO,79536,,,,,145.45,-46.46,,1745209641,,,,,,,,,,,,2025-04-21 09:57:21.552
tf,NFO,79536,,,,,145.20,-46.55,,1745209642,,,,182.81,30645600,,,145.20,145.50,300,1650,2025-04-21 09:57:22.164
tf,NFO,79536,,,,,144.90,-46.66,,1745209642,,,,,,,,,,,,2025-04-21 09:57:22.525
tf,NFO,79536,,,,,144.70,-46.73,,1745209643,,,,,,,,,,,,2025-04-21 09:57:23.528
tf,NFO,79536,,,,,144.65,-46.75,,1745209644,,,,182.80,30653475,,,144.30,144.60,150,525,2025-04-21 09:57:23.775
tf,NFO,79536,,,,,143.70,-47.10,,1745209644,,,,,,,,,,,,2025-04-21 09:57:24.594
tf,NFO,79536,,,,,144.85,-46.68,,1745209645,,,,182.79,30665025,,,145.00,145.25,75,150,2025-04-21 09:57:25.428
tf,NFO,79536,,,,,145.65,-46.38,,1745209645,,,,,,,,,,,,2025-04-21 09:57:25.653
tf,NFO,79536,,,,,144.15,-46.94,,1745209646,,,,,,,,,,,,2025-04-21 09:57:26.535
tf,NFO,79536,,,,,144.30,-46.88,,1745209647,,,,182.77,30677475,,,144.00,144.30,150,1200,2025-04-21 09:57:27.171
tf,NFO,79536,,,,,144.20,-46.92,,1745209647,,,,,,,,,,,,2025-04-21 09:57:27.527
tf,NFO,79536,,,,,144.90,-46.66,,1745209648,,,,,,,,,,,,2025-04-21 09:57:28.528
tf,NFO,79536,,,,,145.00,-46.62,,1745209649,,,,182.76,30689400,,,144.65,144.90,,150,2025-04-21 09:57:28.777
tf,NFO,79536,,,,,144.90,-46.66,,1745209649,,,,,,,,,,,,2025-04-21 09:57:29.540
tf,NFO,79536,,,,,144.45,-46.82,,1745209650,,,,182.75,30699075,,,144.55,144.85,375,,2025-04-21 09:57:30.379
tf,NFO,79536,,,,,144.65,-46.75,,1745209650,,,,,,,,,,,,2025-04-21 09:57:30.550
tf,NFO,79536,,,,,144.95,-46.64,,1745209651,,,,,,,,,,,,2025-04-21 09:57:31.565
tf,NFO,79536,,,,,144.50,-46.81,,1745209652,,,,182.74,30708675,,,144.20,144.50,675,600,2025-04-21 09:57:32.239
tf,NFO,79536,,,,,144.30,-46.88,,1745209652,,,,,,,,,,,,2025-04-21 09:57:32.615
tf,NFO,79536,,,,,144.90,-46.66,,1745209653,,,,,,,,,,,,2025-04-21 09:57:33.527
tf,NFO,79536,,,,,,,,1745209654,,,,182.71,30728775,,,144.60,144.90,900,375,2025-04-21 09:57:33.787
tf,NFO,79536,,,,,144.80,-46.70,,1745209654,,,,,,,,,,,,2025-04-21 09:57:34.537
tf,NFO,79536,,,,,144.55,-46.79,,1745209655,,,,182.70,30733200,,,144.20,144.55,,600,2025-04-21 09:57:35.387
tf,NFO,79536,,,,,144.50,-46.81,,1745209655,,,,,,,,,,,,2025-04-21 09:57:35.538
tf,NFO,79536,,,,,144.30,-46.88,,1745209656,,,,,,,,,,,,2025-04-21 09:57:36.535
tf,NFO,79536,,,,,144.55,-46.79,,1745209657,,,,182.69,30744300,,,144.60,144.85,375,225,2025-04-21 09:57:37.006
tf,NFO,79536,,,,,144.60,-46.77,,1745209657,,,,,,,,,,,,2025-04-21 09:57:37.546
tf,NFO,79536,,,,,143.85,-47.05,,1745209658,,,,,,,,,,,,2025-04-21 09:57:38.559
tf,NFO,79536,,,,,144.00,-46.99,,1745209658,,,,182.67,30757650,,,143.70,144.00,150,675,2025-04-21 09:57:38.639
tf,NFO,79536,,,,,144.15,-46.94,,1745209659,,,,,,,,,,,,2025-04-21 09:57:39.555
tf,NFO,79536,,,,,144.10,-46.95,,1745209660,,,,182.66,30766875,,,144.10,144.45,450,600,2025-04-21 09:57:40.198
tf,NFO,79536,,,,,143.85,-47.05,,1745209660,,,,,,5694525,,,,,,2025-04-21 09:57:40.537
tf,NFO,79536,,,,,144.10,-46.95,,1745209661,,,,,,,,,,,,2025-04-21 09:57:41.530
tf,NFO,79536,,,,,144.25,-46.90,,1745209662,,,,182.65,30774075,,,143.95,144.25,225,150,2025-04-21 09:57:42.012
tf,NFO,79536,,,,,144.00,-46.99,,1745209662,,,,,,,,,,,,2025-04-21 09:57:42.530
tf,NFO,79536,,,,,143.85,-47.05,,1745209663,,,,,,,,,,,,2025-04-21 09:57:43.534
tf,NFO,79536,,,,,143.55,-47.16,,1745209663,,,,182.64,30787650,,,143.50,143.80,675,225,2025-04-21 09:57:43.603
tf,NFO,79536,,,,,143.30,-47.25,,1745209664,,,,,,,,,,,,2025-04-21 09:57:44.569
tf,NFO,79536,,,,,143.60,-47.14,,1745209665,,,,182.62,30797925,,,143.75,144.00,75,1500,2025-04-21 09:57:45.343
tf,NFO,79536,,,,,143.80,-47.06,,1745209665,,,,,,,,,,,,2025-04-21 09:57:45.545
tf,NFO,79536,,,,,142.65,-47.49,,1745209666,,,,,,,,,,,,2025-04-21 09:57:46.533
tf,NFO,79536,,,,,142.95,-47.38,,1745209667,,,,182.60,30817275,,,142.55,142.90,900,1275,2025-04-21 09:57:47.029
tf,NFO,79536,,,,,142.85,-47.41,,1745209667,,,,,,,,,,,,2025-04-21 09:57:47.532
tf,NFO,79536,,,,,145.00,-46.62,,1745209668,,,,,,,,,,,,2025-04-21 09:57:48.533
tf,NFO,79536,,,,,145.20,-46.55,,1745209668,,,,182.56,30845550,,,145.15,145.45,450,150,2025-04-21 09:57:48.631
tf,NFO,79536,,,,,146.00,-46.25,,1745209669,,,,,,,,,,,,2025-04-21 09:57:49.535
tf,NFO,79536,,,,,145.80,-46.33,,1745209670,,,,182.54,30861675,,,145.75,146.10,375,1650,2025-04-21 09:57:50.217
tf,NFO,79536,,,,,145.50,-46.44,,1745209670,,,,,,,,,,,,2025-04-21 09:57:50.538
tf,NFO,79536,,,,,146.75,-45.98,,1745209671,,,,,,,,,,,,2025-04-21 09:57:51.581
tf,NFO,79536,,,,,146.85,-45.94,,1745209672,,,,182.53,30875400,,,146.50,146.85,225,300,2025-04-21 09:57:52.073
tf,NFO,79536,,,,,146.35,-46.13,,1745209672,,,,,,,,,,,,2025-04-21 09:57:52.702
tf,NFO,79536,,,,,148.15,-45.46,,1745209673,,,,,,,,,,,,2025-04-21 09:57:53.539
tf,NFO,79536,,,,,,,,1745209673,,,,182.51,30893850,,,147.70,148.00,300,375,2025-04-21 09:57:53.897
tf,NFO,79536,,,,,147.70,-45.63,,1745209674,,,,,,,,,,,,2025-04-21 09:57:54.612
tf,NFO,79536,,,,,147.30,-45.78,,1745209675,,,,182.50,30902550,,,147.25,147.55,,450,2025-04-21 09:57:55.255
tf,NFO,79536,,,,,147.65,-45.65,,1745209676,,,,,,,,,,,,2025-04-21 09:57:56.554
tf,NFO,79536,,,,,147.95,-45.54,,1745209677,,,,182.48,30916575,,,147.80,148.10,1425,150,2025-04-21 09:57:57.043
tf,NFO,79536,,,,,148.70,-45.26,,1745209677,,,,,,,,,,,,2025-04-21 09:57:57.554
tf,NFO,79536,,,,,148.45,-45.35,,1745209678,,,,,,,,,,,,2025-04-21 09:57:58.666
tf,NFO,79536,,,,,,,,1745209678,,,,182.47,30928950,,,148.20,148.55,750,1050,2025-04-21 09:57:58.672
tf,NFO,79536,,,,,146.40,-46.11,,1745209680,,,,,,,,,,,,2025-04-21 09:57:59.740
tf,NFO,79536,,,,,146.90,-45.92,,1745209680,,,,182.44,30951075,,,146.75,146.90,225,75,2025-04-21 09:58:00.249
tf,NFO,79536,,,,,146.30,-46.14,,1745209680,,,,,,,,,,,,2025-04-21 09:58:00.543
tf,NFO,79536,,,,,146.85,-45.94,,1745209681,,,,,,,,,,,,2025-04-21 09:58:01.546
tf,NFO,79536,,,,,146.75,-45.98,,1745209682,,,,182.41,30979050,,,146.50,146.75,450,525,2025-04-21 09:58:02.024
tf,NFO,79536,,,,,146.65,-46.02,,1745209682,,,,,,,,,,,,2025-04-21 09:58:02.558
tf,NFO,79536,,,,,145.85,-46.31,,1745209683,,,,,,,,,,,,2025-04-21 09:58:03.547
tf,NFO,79536,,,,,145.80,-46.33,,1745209683,,,,182.40,30987750,,,145.70,145.95,75,1350,2025-04-21 09:58:03.657
tf,NFO,79536,,,,,145.00,-46.62,,1745209684,,,,,,,,,,,,2025-04-21 09:58:04.560
tf,NFO,79536,,,,,145.65,-46.38,,1745209685,,,,182.37,31009425,,,145.45,145.75,450,225,2025-04-21 09:58:05.252
tf,NFO,79536,,,,,145.75,-46.35,,1745209685,,,,,,,,,,,,2025-04-21 09:58:05.855
tf,NFO,79536,,,,,145.35,-46.49,,1745209686,,,,,,,,,,,,2025-04-21 09:58:06.561
tf,NFO,79536,,,,,145.90,-46.29,,1745209687,,,,,31015950,,,145.60,145.85,975,75,2025-04-21 09:58:06.841
tf,NFO,79536,,,,,145.35,-46.49,,1745209687,,,,,,,,,,,,2025-04-21 09:58:07.567
tf,NFO,79536,,,,,144.90,-46.66,,1745209688,,,,,,,,,,,,2025-04-21 09:58:08.551
tf,NFO,79536,,,,,,,,1745209688,,,,182.36,31022175,,,144.65,144.95,450,1050,2025-04-21 09:58:08.667
tf,NFO,79536,,,,,144.25,-46.90,,1745209689,,,,,,,,,,,,2025-04-21 09:58:09.571
tf,NFO,79536,,,,,,,,1745209690,,,,182.35,31029300,,,144.05,144.35,150,450,2025-04-21 09:58:10.276
tf,NFO,79536,,,,,143.25,-47.27,,1745209691,,,,,,,,,,,,2025-04-21 09:58:11.566
tf,NFO,79536,,,,,143.45,-47.19,,1745209692,,,,182.33,31044525,,,143.25,143.40,225,150,2025-04-21 09:58:11.947
tf,NFO,79536,,,,,143.50,-47.17,,1745209692,,,,,,,,,,,,2025-04-21 09:58:12.592
tf,NFO,79536,,,,,143.25,-47.27,,1745209693,,,,182.32,31054200,,,143.30,143.55,75,600,2025-04-21 09:58:13.460
tf,NFO,79536,,,,,143.40,-47.21,,1745209694,,,,,,,,,,,,2025-04-21 09:58:14.662
tf,NFO,79536,,,,,142.85,-47.41,,1745209695,,,,182.31,31063425,,,142.65,142.95,900,450,2025-04-21 09:58:15.272
tf,NFO,79536,,,,,143.00,-47.36,,1745209695,,,,,,,,,,,,2025-04-21 09:58:15.559
tf,NFO,79536,,,,,142.80,-47.43,,1745209696,,,,,,,,,,,,2025-04-21 09:58:16.559
tf,NFO,79536,,,,,142.85,-47.41,,1745209697,,,,182.28,31085925,,,142.55,142.85,450,225,2025-04-21 09:58:16.874
tf,NFO,79536,,,,,142.90,-47.40,,1745209697,,,,,,,,,,,,2025-04-21 09:58:18.310
tf,NFO,79536,,,,,142.65,-47.49,,1745209698,,,,182.25,31108350,,,142.65,142.95,150,825,2025-04-21 09:58:18.527
tf,NFO,79536,,,,,142.75,-47.45,,1745209698,,,,,,,,,,,,2025-04-21 09:58:18.567
tf,NFO,79536,,,,,142.85,-47.41,,1745209699,,,,,,,,,,,,2025-04-21 09:58:19.554
tf,NFO,79536,,,,,143.35,-47.23,,1745209700,,,,182.23,31127325,,,143.00,143.30,450,675,2025-04-21 09:58:20.062
tf,NFO,79536,,,,,143.25,-47.27,,1745209701,,,,,,,,,,,,2025-04-21 09:58:21.568
tf,NFO,79536,,,,,,,,1745209702,,,,182.21,31140525,,,,143.25,600,300,2025-04-21 09:58:21.659
tf,NFO,79536,,,,,143.35,-47.23,,1745209702,,,,,,,,,,,,2025-04-21 09:58:22.558
tf,NFO,79536,,,,,143.75,-47.08,,1745209703,,,,182.20,31148550,,,143.70,143.75,225,4350,2025-04-21 09:58:23.260
tf,NFO,79536,,,,,143.25,-47.27,,1745209703,,,,,,,,,,,,2025-04-21 09:58:23.566
tf,NFO,79536,,,,,143.10,-47.32,,1745209704,,,,,,,,,,,,2025-04-21 09:58:24.656
