t,e,tk,ts,pp,ls,ti,lp,pc,c,ft,o,h,l,ap,v,oi,poi,bp1,sp1,bq1,sq1,received_timestamp
tk,NFO,79502,NIFTY24APR25P23500,2,75,0.05,33.10,-60.78,84.40,1745209404,64.25,64.25,30.35,42.13,21904800,9375600,8391750,32.70,32.80,150,2025,2025-04-21 09:53:23.999
tf,NFO,79502,,,,,33.05,-60.84,,1745209405,,,,42.12,21920325,,,33.05,33.10,525,2100,2025-04-21 09:53:24.833
tf,NFO,79502,,,,,33.00,-60.90,,1745209405,,,,,,,,,,,,2025-04-21 09:53:24.929
tf,NFO,79502,,,,,33.30,-60.55,,1745209406,,,,,,,,,,,,2025-04-21 09:53:26.045
tf,NFO,79502,,,,,,,,1745209406,,,,,21927675,,,33.15,33.30,2175,3300,2025-04-21 09:53:26.446
tf,NFO,79502,,,,,33.05,-60.84,,1745209407,,,,,,,,,,,,2025-04-21 09:53:27.038
tf,NFO,79502,,,,,33.35,-60.49,,1745209408,,,,,,,,,,,,2025-04-21 09:53:28.039
tf,NFO,79502,,,,,33.40,-60.43,,1745209408,,,,,21929625,,,33.40,33.50,1500,,2025-04-21 09:53:28.068
tf,NFO,79502,,,,,33.55,-60.25,,1745209409,,,,,,,,,,,,2025-04-21 09:53:28.924
tf,NFO,79502,,,,,,,,1745209410,,,,42.11,21933525,,,33.50,33.60,1200,2100,2025-04-21 09:53:29.674
tf,NFO,79502,,,,,33.60,-60.19,,1745209410,,,,,,,,,,,,2025-04-21 09:53:29.941
tf,NFO,79502,,,,,33.40,-60.43,,1745209411,,,,,21947400,,,33.40,33.45,825,75,2025-04-21 09:53:31.442
tf,NFO,79502,,,,,33.25,-60.60,,1745209412,,,,,,,,,,,,2025-04-21 09:53:31.931
tf,NFO,79502,,,,,33.80,-59.95,,1745209413,,,,,,,,,,,,2025-04-21 09:53:32.987
tf,NFO,79502,,,,,,,,1745209413,,,,42.10,21956400,,,33.70,33.80,2175,1425,2025-04-21 09:53:33.088
tf,NFO,79502,,,,,33.70,-60.07,,1745209415,,,,,21958275,,,33.60,33.70,825,1800,2025-04-21 09:53:34.651
tf,NFO,79502,,,,,34.00,-59.72,,1745209416,,,,,,,,,,,,2025-04-21 09:53:35.941
tf,NFO,79502,,,,,33.70,-60.07,,1745209416,,,,,21959700,,,33.65,33.75,375,2925,2025-04-21 09:53:36.449
tf,NFO,79502,,,,,33.50,-60.31,,1745209417,,,,,,,,,,,,2025-04-21 09:53:36.933
tf,NFO,79502,,,,,33.45,-60.37,,1745209418,,,,,,,,,,,,2025-04-21 09:53:37.950
tf,NFO,79502,,,,,,,,1745209418,,,,,21964425,,,33.45,33.60,2400,2550,2025-04-21 09:53:38.052
tf,NFO,79502,,,,,33.50,-60.31,,1745209419,,,,,,,,,,,,2025-04-21 09:53:38.943
tf,NFO,79502,,,,,,,,1745209420,,,,,21969450,,,33.30,33.40,1725,1050,2025-04-21 09:53:39.956
tf,NFO,79502,,,,,33.00,-60.90,,1745209421,,,,,,,,,,,,2025-04-21 09:53:40.938
tf,NFO,79502,,,,,32.90,-61.02,,1745209421,,,,,21973875,,,32.80,32.90,975,1575,2025-04-21 09:53:41.462
tf,NFO,79502,,,,,33.20,-60.66,,1745209422,,,,,,,,,,,,2025-04-21 09:53:41.936
tf,NFO,79502,,,,,33.15,-60.72,,1745209423,,,,,,,,,,,,2025-04-21 09:53:42.955
tf,NFO,79502,,,,,33.30,-60.55,,1745209423,,,,,21975675,,,33.30,33.35,1275,300,2025-04-21 09:53:43.071
tf,NFO,79502,,,,,33.80,-59.95,,1745209424,,,,,,,,,,,,2025-04-21 09:53:43.938
tf,NFO,79502,,,,,33.40,-60.43,,1745209425,,,,,21981075,,,33.25,33.40,1725,2625,2025-04-21 09:53:44.674
tf,NFO,79502,,,,,33.25,-60.60,,1745209425,,,,,,,,,,,,2025-04-21 09:53:44.945
tf,NFO,79502,,,,,33.60,-60.19,,1745209426,,,,,,,,,,,,2025-04-21 09:53:46.015
tf,NFO,79502,,,,,33.50,-60.31,,1745209426,,,,42.09,21986100,,,33.55,33.65,1575,1275,2025-04-21 09:53:46.521
tf,NFO,79502,,,,,33.55,-60.25,,1745209427,,,,,,,,,,,,2025-04-21 09:53:46.944
tf,NFO,79502,,,,,33.45,-60.37,,1745209428,,,,,,,,,,,,2025-04-21 09:53:47.969
tf,NFO,79502,,,,,,,,1745209428,,,,,21991050,,,33.40,33.50,1425,2550,2025-04-21 09:53:48.078
tf,NFO,79502,,,,,33.25,-60.60,,1745209429,,,,,,,,,,,,2025-04-21 09:53:48.938
tf,NFO,79502,,,,,,,,1745209430,,,,,21991425,,,33.25,33.35,450,3075,2025-04-21 09:53:49.698
tf,NFO,79502,,,,,33.35,-60.49,,1745209430,,,,,,,,,,,,2025-04-21 09:53:49.939
tf,NFO,79502,,,,,33.15,-60.72,,1745209431,,,,,21996900,,,33.20,33.30,2025,2025,2025-04-21 09:53:51.472
tf,NFO,79502,,,,,33.05,-60.84,,1745209432,,,,,,,,,,,,2025-04-21 09:53:51.956
tf,NFO,79502,,,,,33.10,-60.78,,1745209433,,,,,,,,,,,,2025-04-21 09:53:53.034
tf,NFO,79502,,,,,,,,1745209433,,,,42.08,22007100,,,33.15,33.20,2550,150,2025-04-21 09:53:53.074
tf,NFO,79502,,,,,,,,1745209435,,,,,22013325,,,33.00,33.10,2700,900,2025-04-21 09:53:54.699
tf,NFO,79502,,,,,33.00,-60.90,,1745209435,,,,,,,,,,,,2025-04-21 09:53:55.041
tf,NFO,79502,,,,,32.80,-61.14,,1745209436,,,,,,,,,,,,2025-04-21 09:53:55.948
tf,NFO,79502,,,,,,,,1745209436,,,,,22017900,,,32.80,32.90,1950,3300,2025-04-21 09:53:56.513
tf,NFO,79502,,,,,32.85,-61.08,,1745209437,,,,,,,,,,,,2025-04-21 09:53:56.947
tf,NFO,79502,,,,,33.05,-60.84,,1745209438,,,,,,,,,,,,2025-04-21 09:53:57.949
tf,NFO,79502,,,,,,,,1745209438,,,,,22022550,,,32.85,33.00,3000,2550,2025-04-21 09:53:58.085
tf,NFO,79502,,,,,32.70,-61.26,,1745209439,,,,,,,,,,,,2025-04-21 09:53:58.980
tf,NFO,79502,,,,,32.50,-61.49,,1745209440,,,,42.07,22034625,,,32.35,32.45,450,2250,2025-04-21 09:53:59.833
tf,NFO,79502,,,,,32.40,-61.61,,1745209440,,,,,,,,,,,,2025-04-21 09:53:59.988
tf,NFO,79502,,,,,32.60,-61.37,,1745209441,,,,,,,,,,,,2025-04-21 09:54:01.039
tf,NFO,79502,,,,,32.85,-61.08,,1745209441,,,,,22047675,,,32.70,32.80,2325,975,2025-04-21 09:54:01.485
tf,NFO,79502,,,,,32.70,-61.26,,1745209442,,,,,,,,,,,,2025-04-21 09:54:02.030
tf,NFO,79502,,,,,32.65,-61.32,,1745209443,,,,,,,,,,,,2025-04-21 09:54:02.951
tf,NFO,79502,,,,,32.55,-61.43,,1745209443,,,,42.06,22056675,,,32.40,32.50,1875,150,2025-04-21 09:54:03.093
tf,NFO,79502,,,,,32.80,-61.14,,1745209444,,,,,,,,,,,,2025-04-21 09:54:03.965
tf,NFO,79502,,,,,32.65,-61.32,,1745209445,,,,,22059600,,,32.70,32.80,1125,2175,2025-04-21 09:54:04.723
tf,NFO,79502,,,,,32.75,-61.20,,1745209445,,,,,,,,,,,,2025-04-21 09:54:04.961
tf,NFO,79502,,,,,33.00,-60.90,,1745209446,,,,,,,,,,,,2025-04-21 09:54:05.958
tf,NFO,79502,,,,,33.10,-60.78,,1745209446,,,,,22062450,,,33.10,33.15,2250,375,2025-04-21 09:54:06.548
tf,NFO,79502,,,,,33.15,-60.72,,1745209447,,,,,,,,,,,,2025-04-21 09:54:06.954
tf,NFO,79502,,,,,32.75,-61.20,,1745209448,,,,,,,,,,,,2025-04-21 09:54:07.951
tf,NFO,79502,,,,,32.65,-61.32,,1745209448,,,,,22067175,,,32.60,32.70,225,3825,2025-04-21 09:54:08.098
tf,NFO,79502,,,,,32.80,-61.14,,1745209449,,,,,,,,,,,,2025-04-21 09:54:08.951
tf,NFO,79502,,,,,32.90,-61.02,,1745209450,,,,,22070400,,,32.85,32.90,150,1350,2025-04-21 09:54:09.705
tf,NFO,79502,,,,,32.95,-60.96,,1745209450,,,,,,,,,,,,2025-04-21 09:54:09.953
tf,NFO,79502,,,,,33.05,-60.84,,1745209451,,,,,,,,,,,,2025-04-21 09:54:10.955
tf,NFO,79502,,,,,33.10,-60.78,,1745209451,,,,,22071600,,,33.00,33.10,600,3000,2025-04-21 09:54:11.497
tf,NFO,79502,,,,,33.00,-60.90,,1745209452,,,,,,,,,,,,2025-04-21 09:54:11.956
tf,NFO,79502,,,,,33.15,-60.72,,1745209453,,,,,,,,,,,,2025-04-21 09:54:12.980
tf,NFO,79502,,,,,,,,1745209453,,,,,22075275,,,33.05,33.15,1575,525,2025-04-21 09:54:13.137
tf,NFO,79502,,,,,33.10,-60.78,,1745209454,,,,,,,,,,,,2025-04-21 09:54:13.983
tf,NFO,79502,,,,,32.95,-60.96,,1745209455,,,,,22077450,,,32.80,32.95,3150,2100,2025-04-21 09:54:14.747
tf,NFO,79502,,,,,32.80,-61.14,,1745209455,,,,,,,,,,,,2025-04-21 09:54:15.059
tf,NFO,79502,,,,,32.65,-61.32,,1745209456,,,,,,,,,,,,2025-04-21 09:54:15.960
tf,NFO,79502,,,,,32.35,-61.67,,1745209456,,,,42.05,22092375,,,32.35,32.40,1200,75,2025-04-21 09:54:16.539
tf,NFO,79502,,,,,32.65,-61.32,,1745209457,,,,,,,,,,,,2025-04-21 09:54:17.048
tf,NFO,79502,,,,,,,,1745209458,,,,,22097175,,,32.60,32.70,1875,1875,2025-04-21 09:54:18.125
tf,NFO,79502,,,,,32.55,-61.43,,1745209459,,,,,,,,,,,,2025-04-21 09:54:19.119
tf,NFO,79502,,,,,32.20,-61.85,,1745209460,,,,42.04,22104900,,,32.00,32.10,11025,825,2025-04-21 09:54:20.122
tf,NFO,79502,,,,,32.00,-62.09,,1745209460,,,,,,,,,,,,2025-04-21 09:54:20.133
tf,NFO,79502,,,,,31.70,-62.44,,1745209461,,,,42.03,22126650,,,31.85,31.95,825,2550,2025-04-21 09:54:21.539
tf,NFO,79502,,,,,31.75,-62.38,,1745209462,,,,,,,,,,,,2025-04-21 09:54:21.959
tf,NFO,79502,,,,,31.70,-62.44,,1745209463,,,,,,,,,,,,2025-04-21 09:54:22.990
tf,NFO,79502,,,,,31.75,-62.38,,1745209463,,,,42.02,22144800,,,31.70,31.80,2475,750,2025-04-21 09:54:23.189
tf,NFO,79502,,,,,31.55,-62.62,,1745209464,,,,,,,,,,,,2025-04-21 09:54:24.035
tf,NFO,79502,,,,,31.65,-62.50,,1745209465,,,,,22151100,,,31.65,31.70,525,150,2025-04-21 09:54:24.923
tf,NFO,79502,,,,,31.70,-62.44,,1745209465,,,,,,,,,,,,2025-04-21 09:54:24.964
tf,NFO,79502,,,,,31.75,-62.38,,1745209466,,,,,,,,,,,,2025-04-21 09:54:26.037
tf,NFO,79502,,,,,31.60,-62.56,,1745209466,,,,,22159725,,,31.60,,750,1875,2025-04-21 09:54:26.836
tf,NFO,79502,,,,,31.65,-62.50,,1745209467,,,,,,,,,,,,2025-04-21 09:54:26.969
tf,NFO,79502,,,,,31.85,-62.26,,1745209468,,,,,,,,,,,,2025-04-21 09:54:27.963
tf,NFO,79502,,,,,,,,1745209468,,,,42.01,22165800,,,31.75,31.85,,2700,2025-04-21 09:54:28.167
tf,NFO,79502,,,,,31.65,-62.50,,1745209469,,,,,,,,,,,,2025-04-21 09:54:28.965
tf,NFO,79502,,,,,31.55,-62.62,,1745209470,,,,,22171350,,,31.55,31.65,2700,975,2025-04-21 09:54:29.753
tf,NFO,79502,,,,,31.75,-62.38,,1745209470,,,,,,,,,,,,2025-04-21 09:54:30.036
tf,NFO,79502,,,,,31.70,-62.44,,1745209471,,,,,,,,,,,,2025-04-21 09:54:30.964
tf,NFO,79502,,,,,31.55,-62.62,,1745209471,,,,,22177350,,,,31.60,1425,525,2025-04-21 09:54:31.610
tf,NFO,79502,,,,,31.65,-62.50,,1745209472,,,,,,,,,,,,2025-04-21 09:54:32.032
tf,NFO,79502,,,,,31.90,-62.20,,1745209473,,,,,,,,,,,,2025-04-21 09:54:32.985
tf,NFO,79502,,,,,31.95,-62.14,,1745209473,,,,42.00,22207050,,,31.95,32.05,2250,900,2025-04-21 09:54:33.212
tf,NFO,79502,,,,,31.70,-62.44,,1745209474,,,,,,,,,,,,2025-04-21 09:54:34.051
tf,NFO,79502,,,,,,,,1745209475,,,,41.99,22212225,,,31.65,31.70,75,375,2025-04-21 09:54:34.823
tf,NFO,79502,,,,,31.80,-62.32,,1745209475,,,,,,,,,,,,2025-04-21 09:54:35.012
tf,NFO,79502,,,,,31.90,-62.20,,1745209476,,,,,,,,,,,,2025-04-21 09:54:35.969
tf,NFO,79502,,,,,31.80,-62.32,,1745209476,,,,,22218000,,,31.70,31.80,2175,3300,2025-04-21 09:54:36.586
tf,NFO,79502,,,,,31.65,-62.50,,1745209477,,,,,,,,,,,,2025-04-21 09:54:36.980
tf,NFO,79502,,,,,31.80,-62.32,,1745209478,,,,,,9414525,,,,,,2025-04-21 09:54:37.979
tf,NFO,79502,,,,,31.70,-62.44,,1745209478,,,,,22222650,,,31.65,31.75,2100,1425,2025-04-21 09:54:38.138
tf,NFO,79502,,,,,31.80,-62.32,,1745209479,,,,,,,,,,,,2025-04-21 09:54:39.057
tf,NFO,79502,,,,,31.45,-62.74,,1745209480,,,,41.98,22233825,,,31.45,31.55,2550,1125,2025-04-21 09:54:39.749
tf,NFO,79502,,,,,31.55,-62.62,,1745209480,,,,,,,,,,,,2025-04-21 09:54:39.972
tf,NFO,79502,,,,,31.35,-62.86,,1745209481,,,,,,,,,,,,2025-04-21 09:54:40.975
tf,NFO,79502,,,,,,,,1745209481,,,,41.97,22257825,,,31.25,31.35,900,3375,2025-04-21 09:54:41.542
tf,NFO,79502,,,,,31.25,-62.97,,1745209482,,,,,,,,,,,,2025-04-21 09:54:41.977
tf,NFO,79502,,,,,31.20,-63.03,,1745209483,,,,,,,,,,,,2025-04-21 09:54:42.977
tf,NFO,79502,,,,,31.25,-62.97,,1745209483,,,,,22272075,,,,,1200,2775,2025-04-21 09:54:43.149
tf,NFO,79502,,,,,31.30,-62.91,,1745209484,,,,,,,,,,,,2025-04-21 09:54:43.983
tf,NFO,79502,,,,,31.20,-63.03,,1745209485,,,,41.96,22275450,,,31.15,31.25,1425,1125,2025-04-21 09:54:44.778
tf,NFO,79502,,,,,31.15,-63.09,,1745209485,,,,,,,,,,,,2025-04-21 09:54:44.975
tf,NFO,79502,,,,,31.25,-62.97,,1745209486,,,,,,,,,,,,2025-04-21 09:54:46.063
tf,NFO,79502,,,,,31.35,-62.86,,1745209486,,,,,22281375,,,31.25,31.35,1200,1950,2025-04-21 09:54:46.687
tf,NFO,79502,,,,,31.40,-62.80,,1745209487,,,,,,,,,,,,2025-04-21 09:54:47.005
tf,NFO,79502,,,,,31.10,-63.15,,1745209488,,,,,,,,,,,,2025-04-21 09:54:47.979
tf,NFO,79502,,,,,31.00,-63.27,,1745209488,,,,41.94,22317075,,,30.95,31.05,1050,3600,2025-04-21 09:54:48.155
tf,NFO,79502,,,,,30.85,-63.45,,1745209489,,,,,,,,,,,,2025-04-21 09:54:48.980
tf,NFO,79502,,,,,31.05,-63.21,,1745209490,,,,41.93,22350300,,,,,3375,450,2025-04-21 09:54:49.785
tf,NFO,79502,,,,,30.95,-63.33,,1745209490,,,,,,,,,,,,2025-04-21 09:54:49.980
tf,NFO,79502,,,,,31.20,-63.03,,1745209491,,,,,,,,,,,,2025-04-21 09:54:50.990
tf,NFO,79502,,,,,31.15,-63.09,,1745209491,,,,41.92,22361250,,,31.20,31.25,150,300,2025-04-21 09:54:51.575
tf,NFO,79502,,,,,31.45,-62.74,,1745209492,,,,,,,,,,,,2025-04-21 09:54:52.034
tf,NFO,79502,,,,,31.10,-63.15,,1745209493,,,,,,,,,,,,2025-04-21 09:54:53.054
tf,NFO,79502,,,,,,,,1745209493,,,,,22368600,,,30.95,31.05,1875,1500,2025-04-21 09:54:53.243
tf,NFO,79502,,,,,30.80,-63.51,,1745209494,,,,,,,,,,,,2025-04-21 09:54:54.000
tf,NFO,79502,,,,,30.70,-63.63,,1745209495,,,,41.91,22380600,,,30.65,30.75,1950,2250,2025-04-21 09:54:54.793
tf,NFO,79502,,,,,30.60,-63.74,,1745209495,,,,,,,,,,,,2025-04-21 09:54:54.988
tf,NFO,79502,,,,,30.95,-63.33,,1745209496,,,,,,,,,,,,2025-04-21 09:54:55.999
tf,NFO,79502,,,,,30.75,-63.57,,1745209496,,,,,22385775,,,30.85,30.95,825,2925,2025-04-21 09:54:56.564
tf,NFO,79502,,,,,30.85,-63.45,,1745209497,,,,,,,,,,,,2025-04-21 09:54:56.992
tf,NFO,79502,,,,,31.25,-62.97,,1745209498,,,,,,,,,,,,2025-04-21 09:54:58.098
tf,NFO,79502,,,,,30.95,-63.33,,1745209498,,,,,22392675,,,30.95,31.05,525,2100,2025-04-21 09:54:58.219
tf,NFO,79502,,,,,31.10,-63.15,,1745209499,,,,,,,,,,,,2025-04-21 09:54:59.111
tf,NFO,79502,,,,,30.60,-63.74,,1745209500,,,,41.90,22407900,,,30.55,30.65,675,2625,2025-04-21 09:55:00.022
tf,NFO,79502,,,,,30.65,-63.68,,1745209500,,,,,,,,,,,,2025-04-21 09:55:00.251
tf,NFO,79502,,,,,30.85,-63.45,,1745209501,,,,,,,,,,,,2025-04-21 09:55:00.984
tf,NFO,79502,,,,,31.00,-63.27,,1745209501,,,,,22414575,,,30.95,31.05,1200,900,2025-04-21 09:55:01.572
tf,NFO,79502,,,,,30.90,-63.39,,1745209502,,,,,,,,,,,,2025-04-21 09:55:01.981
tf,NFO,79502,,,,,31.00,-63.27,,1745209503,,,,,,,,,,,,2025-04-21 09:55:02.985
tf,NFO,79502,,,,,30.95,-63.33,,1745209503,,,,41.88,22443825,,,31.00,31.10,,2625,2025-04-21 09:55:03.180
tf,NFO,79502,,,,,31.00,-63.27,,1745209504,,,,,,,,,,,,2025-04-21 09:55:04.003
tf,NFO,79502,,,,,30.60,-63.74,,1745209505,,,,,22452600,,,30.60,30.70,2775,1650,2025-04-21 09:55:04.834
tf,NFO,79502,,,,,30.65,-63.68,,1745209505,,,,,,,,,,,,2025-04-21 09:55:04.988
tf,NFO,79502,,,,,30.60,-63.74,,1745209506,,,,41.87,22457850,,,30.50,30.55,75,1350,2025-04-21 09:55:06.579
tf,NFO,79502,,,,,30.45,-63.92,,1745209507,,,,,,,,,,,,2025-04-21 09:55:06.990
tf,NFO,79502,,,,,30.35,-64.04,,1745209508,,,,,,,,,,,,2025-04-21 09:55:08.073
tf,NFO,79502,,,,,,,,1745209508,,,,,22464525,,,30.30,30.35,1275,150,2025-04-21 09:55:08.237
tf,NFO,79502,,,,,30.30,-64.10,,1745209509,,,,,,,,,,,,2025-04-21 09:55:08.993
tf,NFO,79502,,,,,30.15,-64.28,,1745209510,,,30.15,,22470600,,,30.15,30.25,1500,1050,2025-04-21 09:55:09.823
tf,NFO,79502,,,,,30.20,-64.22,,1745209510,,,,,,,,,,,,2025-04-21 09:55:09.992
tf,NFO,79502,,,,,30.10,-64.34,,1745209511,,,,,,,,,,,,2025-04-21 09:55:10.994
tf,NFO,79502,,,,,29.90,-64.57,,1745209511,,,29.80,41.81,22581075,,,29.85,29.90,150,975,2025-04-21 09:55:11.586
tf,NFO,79502,,,,,29.70,-64.81,,1745209512,,,,,,,,,,,,2025-04-21 09:55:12.087
tf,NFO,79502,,,,,29.65,-64.87,,1745209513,,,,,,,,,,,,2025-04-21 09:55:13.107
tf,NFO,79502,,,,,29.80,-64.69,,1745209513,,,29.60,41.79,22614300,,,29.65,29.75,525,2475,2025-04-21 09:55:13.310
tf,NFO,79502,,,,,29.75,-64.75,,1745209514,,,,,,,,,,,,2025-04-21 09:55:14.006
tf,NFO,79502,,,,,29.40,-65.17,,1745209515,,,29.30,41.78,22627650,,,29.30,29.40,2100,1575,2025-04-21 09:55:14.826
tf,NFO,79502,,,,,29.20,-65.40,,1745209515,,,,,,,,,,,,2025-04-21 09:55:14.995
tf,NFO,79502,,,,,29.25,-65.34,,1745209516,,,,,,,,,,,,2025-04-21 09:55:15.999
tf,NFO,79502,,,,,29.00,-65.64,,1745209516,,,29.00,41.76,22665075,,,29.00,29.10,6000,2175,2025-04-21 09:55:16.594
tf,NFO,79502,,,,,27.95,-66.88,,1745209517,,,,,,,,,,,,2025-04-21 09:55:17.212
tf,NFO,79502,,,,,28.00,-66.82,,1745209518,,,,,,,,,,,,2025-04-21 09:55:18.198
tf,NFO,79502,,,,,28.10,-66.71,,1745209518,,,27.85,41.71,22757175,,,28.00,28.10,1800,150,2025-04-21 09:55:18.217
tf,NFO,79502,,,,,27.75,-67.12,,1745209519,,,,,,,,,,,,2025-04-21 09:55:19.040
tf,NFO,79502,,,,,27.70,-67.18,,1745209520,,,27.50,41.68,22797375,,,27.75,27.85,1950,1125,2025-04-21 09:55:19.914
tf,NFO,79502,,,,,27.85,-67.00,,1745209521,,,,41.67,22819875,,,27.80,27.90,3525,1050,2025-04-21 09:55:21.603
tf,NFO,79502,,,,,27.75,-67.12,,1745209522,,,,,,,,,,,,2025-04-21 09:55:22.200
tf,NFO,79502,,,,,28.15,-66.65,,1745209523,,,,,,,,,,,,2025-04-21 09:55:22.998
tf,NFO,79502,,,,,28.20,-66.59,,1745209523,,,,41.66,22838625,,,28.25,28.35,150,1200,2025-04-21 09:55:23.231
tf,NFO,79502,,,,,28.60,-66.11,,1745209524,,,,,,,,,,,,2025-04-21 09:55:24.039
tf,NFO,79502,,,,,,,,1745209525,,,,41.65,22860525,,,28.55,28.65,1875,450,2025-04-21 09:55:24.848
tf,NFO,79502,,,,,28.70,-66.00,,1745209526,,,,,,,,,,,,2025-04-21 09:55:26.085
tf,NFO,79502,,,,,28.65,-66.05,,1745209526,,,,41.64,22874025,,,,,1725,1425,2025-04-21 09:55:26.610
tf,NFO,79502,,,,,28.35,-66.41,,1745209527,,,,,,,,,,,,2025-04-21 09:55:27.221
tf,NFO,79502,,,,,28.25,-66.53,,1745209528,,,,,22880700,,,28.15,28.25,675,2100,2025-04-21 09:55:28.233
tf,NFO,79502,,,,,27.95,-66.88,,1745209529,,,,,,,,,,,,2025-04-21 09:55:29.002
tf,NFO,79502,,,,,28.25,-66.53,,1745209530,,,,41.63,22893000,,,28.20,28.30,1275,2025,2025-04-21 09:55:29.833
tf,NFO,79502,,,,,28.30,-66.47,,1745209530,,,,,,,,,,,,2025-04-21 09:55:30.017
tf,NFO,79502,,,,,28.75,-65.94,,1745209531,,,,,,,,,,,,2025-04-21 09:55:31.005
tf,NFO,79502,,,,,28.65,-66.05,,1745209531,,,,41.61,22922775,,,28.65,28.75,1950,1725,2025-04-21 09:55:31.741
tf,NFO,79502,,,,,28.70,-66.00,,1745209532,,,,,,,,,,,,2025-04-21 09:55:32.108
tf,NFO,79502,,,,,28.45,-66.29,,1745209533,,,,41.60,22935975,,,28.45,28.55,3150,975,2025-04-21 09:55:33.275
tf,NFO,79502,,,,,28.60,-66.11,,1745209534,,,,,,,,,,,,2025-04-21 09:55:34.010
tf,NFO,79502,,,,,28.50,-66.23,,1745209535,,,,,22943550,,,28.55,28.65,1425,2550,2025-04-21 09:55:34.844
tf,NFO,79502,,,,,28.65,-66.05,,1745209535,,,,,,,,,,,,2025-04-21 09:55:35.030
tf,NFO,79502,,,,,28.75,-65.94,,1745209536,,,,,,,,,,,,2025-04-21 09:55:36.208
tf,NFO,79502,,,,,28.85,-65.82,,1745209536,,,,41.59,22952175,,,28.75,28.85,2025,1575,2025-04-21 09:55:36.644
tf,NFO,79502,,,,,28.65,-66.05,,1745209537,,,,,,,,,,,,2025-04-21 09:55:37.034
tf,NFO,79502,,,,,28.50,-66.23,,1745209538,,,,,,,,,,,,2025-04-21 09:55:38.008
tf,NFO,79502,,,,,,,,1745209538,,,,,22958775,,,28.50,28.60,150,4200,2025-04-21 09:55:38.307
tf,NFO,79502,,,,,28.55,-66.17,,1745209539,,,,,,,,,,,,2025-04-21 09:55:39.132
tf,NFO,79502,,,,,28.45,-66.29,,1745209540,,,,,22963650,,,,28.55,600,300,2025-04-21 09:55:39.976
tf,NFO,79502,,,,,28.50,-66.23,,1745209540,,,,,,,,,,,,2025-04-21 09:55:40.135
tf,NFO,79502,,,,,28.55,-66.17,,1745209541,,,,,,,,,,,,2025-04-21 09:55:41.009
tf,NFO,79502,,,,,28.60,-66.11,,1745209541,,,,41.58,22970925,,,28.55,28.65,1500,2325,2025-04-21 09:55:41.572
tf,NFO,79502,,,,,28.70,-66.00,,1745209542,,,,,,,,,,,,2025-04-21 09:55:42.062
tf,NFO,79502,,,,,28.65,-66.05,,1745209543,,,,,,,,,,,,2025-04-21 09:55:43.015
tf,NFO,79502,,,,,28.55,-66.17,,1745209543,,,,,22984875,,,,,1575,2100,2025-04-21 09:55:43.238
tf,NFO,79502,,,,,28.70,-66.00,,1745209544,,,,,,,,,,,,2025-04-21 09:55:44.022
tf,NFO,79502,,,,,,,,1745209545,,,,41.57,22996650,,,28.65,28.75,2175,600,2025-04-21 09:55:44.843
tf,NFO,79502,,,,,28.90,-65.76,,1745209546,,,,,,,,,,,,2025-04-21 09:55:46.079
tf,NFO,79502,,,,,28.85,-65.82,,1745209546,,,,,23001600,,,28.85,28.95,2550,975,2025-04-21 09:55:46.532
tf,NFO,79502,,,,,28.90,-65.76,,1745209547,,,,,,,,,,,,2025-04-21 09:55:47.021
tf,NFO,79502,,,,,28.80,-65.88,,1745209548,,,,,,,,,,,,2025-04-21 09:55:48.016
tf,NFO,79502,,,,,28.65,-66.05,,1745209548,,,,41.56,23006700,,,28.60,28.75,2400,2550,2025-04-21 09:55:48.247
tf,NFO,79502,,,,,28.60,-66.11,,1745209549,,,,,,,,,,,,2025-04-21 09:55:49.020
tf,NFO,79502,,,,,28.55,-66.17,,1745209550,,,,,23013900,,,28.50,28.55,1650,300,2025-04-21 09:55:49.859
tf,NFO,79502,,,,,28.70,-66.00,,1745209551,,,,41.55,23023950,,,28.65,28.75,825,2850,2025-04-21 09:55:51.469
tf,NFO,79502,,,,,28.75,-65.94,,1745209552,,,,,,,,,,,,2025-04-21 09:55:52.058
tf,NFO,79502,,,,,29.00,-65.64,,1745209553,,,,,,,,,,,,2025-04-21 09:55:53.045
tf,NFO,79502,,,,,29.20,-65.40,,1745209553,,,,,23038350,,,29.10,29.20,1350,2400,2025-04-21 09:55:53.256
tf,NFO,79502,,,,,28.90,-65.76,,1745209554,,,,,,,,,,,,2025-04-21 09:55:54.020
tf,NFO,79502,,,,,29.05,-65.58,,1745209555,,,,41.54,23045325,,,28.95,29.05,1050,2625,2025-04-21 09:55:54.886
tf,NFO,79502,,,,,28.95,-65.70,,1745209555,,,,,,,,,,,,2025-04-21 09:55:55.032
tf,NFO,79502,,,,,29.10,-65.52,,1745209556,,,,,,,,,,,,2025-04-21 09:55:56.026
tf,NFO,79502,,,,,29.05,-65.58,,1745209556,,,,,23051100,,,29.00,29.15,2100,2700,2025-04-21 09:55:56.475
tf,NFO,79502,,,,,29.15,-65.46,,1745209557,,,,,,,,,,,,2025-04-21 09:55:57.025
tf,NFO,79502,,,,,29.25,-65.34,,1745209558,,,,41.53,23063025,,,29.20,29.25,750,300,2025-04-21 09:55:58.377
tf,NFO,79502,,,,,29.40,-65.17,,1745209559,,,,,,,,,,,,2025-04-21 09:55:59.022
tf,NFO,79502,,,,,29.65,-64.87,,1745209560,,,,,23073975,,,29.60,29.70,1500,3075,2025-04-21 09:55:59.872
tf,NFO,79502,,,,,29.70,-64.81,,1745209560,,,,,,,,,,,,2025-04-21 09:56:00.034
tf,NFO,79502,,,,,29.45,-65.11,,1745209561,,,,,,,,,,,,2025-04-21 09:56:01.070
tf,NFO,79502,,,,,29.50,-65.05,,1745209561,,,,41.52,23086575,,,29.45,29.50,2025,225,2025-04-21 09:56:01.477
tf,NFO,79502,,,,,29.60,-64.93,,1745209563,,,,,,,,,,,,2025-04-21 09:56:03.222
tf,NFO,79502,,,,,,,,1745209563,,,,41.51,23112975,,,29.55,29.60,3450,150,2025-04-21 09:56:03.267
tf,NFO,79502,,,,,29.70,-64.81,,1745209564,,,,,,,,,,,,2025-04-21 09:56:04.024
tf,NFO,79502,,,,,29.60,-64.93,,1745209565,,,,41.50,23122425,,,,,9975,675,2025-04-21 09:56:04.949
tf,NFO,79502,,,,,29.55,-64.99,,1745209565,,,,,,,,,,,,2025-04-21 09:56:05.138
tf,NFO,79502,,,,,29.70,-64.81,,1745209566,,,,,,,,,,,,2025-04-21 09:56:06.150
tf,NFO,79502,,,,,,,,1745209566,,,,,23128575,,,29.65,29.70,2475,225,2025-04-21 09:56:06.488
tf,NFO,79502,,,,,29.50,-65.05,,1745209567,,,,,,,,,,,,2025-04-21 09:56:07.027
tf,NFO,79502,,,,,29.45,-65.11,,1745209568,,,,,,,,,,,,2025-04-21 09:56:08.030
tf,NFO,79502,,,,,29.25,-65.34,,1745209568,,,,41.49,23141250,,,29.25,29.35,1050,2850,2025-04-21 09:56:08.276
tf,NFO,79502,,,,,29.85,-64.63,,1745209569,,,,,,,,,,,,2025-04-21 09:56:09.029
tf,NFO,79502,,,,,30.00,-64.45,,1745209570,,,,41.48,23174325,,,29.95,30.05,1875,2400,2025-04-21 09:56:09.879
tf,NFO,79502,,,,,29.90,-64.57,,1745209570,,,,,,,,,,,,2025-04-21 09:56:10.054
tf,NFO,79502,,,,,29.85,-64.63,,1745209571,,,,,,,,,,,,2025-04-21 09:56:11.031
tf,NFO,79502,,,,,29.90,-64.57,,1745209571,,,,41.47,23180700,,,29.80,29.90,1350,2550,2025-04-21 09:56:11.550
tf,NFO,79502,,,,,29.80,-64.69,,1745209572,,,,,,,,,,,,2025-04-21 09:56:12.098
tf,NFO,79502,,,,,29.85,-64.63,,1745209573,,,,,,,,,,,,2025-04-21 09:56:13.115
tf,NFO,79502,,,,,29.75,-64.75,,1745209573,,,,,23187075,,,29.75,29.85,1125,2025,2025-04-21 09:56:13.324
tf,NFO,79502,,,,,29.85,-64.63,,1745209574,,,,,,,,,,,,2025-04-21 09:56:14.141
tf,NFO,79502,,,,,29.65,-64.87,,1745209575,,,,,23194275,,,29.60,29.65,225,1200,2025-04-21 09:56:14.953
tf,NFO,79502,,,,,29.60,-64.93,,1745209575,,,,,,,,,,,,2025-04-21 09:56:15.167
tf,NFO,79502,,,,,29.70,-64.81,,1745209576,,,,,,,,,,,,2025-04-21 09:56:16.037
tf,NFO,79502,,,,,29.75,-64.75,,1745209576,,,,41.46,23199975,,,29.75,29.80,1575,150,2025-04-21 09:56:16.539
tf,NFO,79502,,,,,29.60,-64.93,,1745209578,,,,,,,,,,,,2025-04-21 09:56:18.081
tf,NFO,79502,,,,,29.70,-64.81,,1745209578,,,,,23204325,,,29.55,29.65,525,2325,2025-04-21 09:56:18.312
tf,NFO,79502,,,,,29.75,-64.75,,1745209579,,,,,,,,,,,,2025-04-21 09:56:19.072
tf,NFO,79502,,,,,29.80,-64.69,,1745209580,,,,,23207850,,,29.70,29.85,2400,2550,2025-04-21 09:56:19.899
tf,NFO,79502,,,,,29.90,-64.57,,1745209581,,,,,,,,,,,,2025-04-21 09:56:21.041
tf,NFO,79502,,,,,30.05,-64.40,,1745209581,,,,41.45,23214900,,,29.95,30.05,2325,1200,2025-04-21 09:56:21.511
tf,NFO,79502,,,,,30.10,-64.34,,1745209582,,,,,,,,,,,,2025-04-21 09:56:22.039
tf,NFO,79502,,,,,30.20,-64.22,,1745209583,,,,,,,,,,,,2025-04-21 09:56:23.049
tf,NFO,79502,,,,,,,,1745209583,,,,,23219100,,,30.25,30.30,1500,75,2025-04-21 09:56:23.297
tf,NFO,79502,,,,,30.45,-63.92,,1745209584,,,,,,,,,,,,2025-04-21 09:56:24.044
tf,NFO,79502,,,,,30.25,-64.16,,1745209585,,,,,23223450,,,30.20,30.25,150,750,2025-04-21 09:56:24.986
tf,NFO,79502,,,,,30.35,-64.04,,1745209585,,,,,,,,,,,,2025-04-21 09:56:25.063
tf,NFO,79502,,,,,,,,1745209586,,,,,23231625,,,30.30,30.40,19125,1275,2025-04-21 09:56:26.509
tf,NFO,79502,,,,,30.50,-63.86,,1745209587,,,,,,,,,,,,2025-04-21 09:56:27.252
tf,NFO,79502,,,,,30.60,-63.74,,1745209588,,,,,,,,,,,,2025-04-21 09:56:28.044
tf,NFO,79502,,,,,30.55,-63.80,,1745209588,,,,41.44,23242200,,,30.50,30.65,4200,3375,2025-04-21 09:56:28.312
tf,NFO,79502,,,,,30.25,-64.16,,1745209590,,,,41.42,23292600,,,30.20,30.30,2325,2400,2025-04-21 09:56:30.020
tf,NFO,79502,,,,,30.30,-64.10,,1745209590,,,,,,,,,,,,2025-04-21 09:56:30.055
tf,NFO,79502,,,,,30.10,-64.34,,1745209591,,,,41.41,23301900,,,30.00,30.10,525,3300,2025-04-21 09:56:31.623
tf,NFO,79502,,,,,29.95,-64.51,,1745209592,,,,,,,,,,,,2025-04-21 09:56:32.055
tf,NFO,79502,,,,,30.00,-64.45,,1745209593,,,,,,,,,,,,2025-04-21 09:56:33.045
tf,NFO,79502,,,,,,,,1745209593,,,,,23313375,,,30.05,30.15,2025,1950,2025-04-21 09:56:33.317
tf,NFO,79502,,,,,30.05,-64.40,,1745209594,,,,,,,,,,,,2025-04-21 09:56:34.086
tf,NFO,79502,,,,,29.95,-64.51,,1745209595,,,,41.40,23319900,,,29.95,30.00,150,600,2025-04-21 09:56:34.916
tf,NFO,79502,,,,,29.85,-64.63,,1745209595,,,,,,,,,,,,2025-04-21 09:56:35.049
tf,NFO,79502,,,,,29.80,-64.69,,1745209596,,,,,,,,,,,,2025-04-21 09:56:36.054
tf,NFO,79502,,,,,29.95,-64.51,,1745209596,,,,,23330625,,,29.85,29.95,825,3375,2025-04-21 09:56:36.545
tf,NFO,79502,,,,,29.85,-64.63,,1745209597,,,,,,,,,,,,2025-04-21 09:56:37.085
tf,NFO,79502,,,,,29.75,-64.75,,1745209598,,,,,,,,,,,,2025-04-21 09:56:38.274
tf,NFO,79502,,,,,29.65,-64.87,,1745209598,,,,,23336925,,,29.60,29.70,1500,4200,2025-04-21 09:56:38.354
tf,NFO,79502,,,,,29.75,-64.75,,1745209599,,,,,,,,,,,,2025-04-21 09:56:39.135
tf,NFO,79502,,,,,29.80,-64.69,,1745209600,,,,41.39,23343900,,,29.55,29.65,2175,1350,2025-04-21 09:56:39.954
tf,NFO,79502,,,,,29.45,-65.11,,1745209601,,,,,,,,,,,,2025-04-21 09:56:41.049
tf,NFO,79502,,,,,29.55,-64.99,,1745209601,,,,,23351700,,,29.45,29.55,1875,2625,2025-04-21 09:56:41.555
tf,NFO,79502,,,,,29.40,-65.17,,1745209603,,,,,,,,,,,,2025-04-21 09:56:43.084
tf,NFO,79502,,,,,,,,1745209603,,,,,23356575,,,29.55,29.65,2175,1950,2025-04-21 09:56:43.332
tf,NFO,79502,,,,,29.45,-65.11,,1745209605,,,,41.38,23363475,,,29.30,29.35,1200,1425,2025-04-21 09:56:44.964
tf,NFO,79502,,,,,29.40,-65.17,,1745209606,,,,,,,,,,,,2025-04-21 09:56:46.116
tf,NFO,79502,,,,,29.45,-65.11,,1745209606,,,,,23375775,,,29.40,29.50,1725,1500,2025-04-21 09:56:46.561
tf,NFO,79502,,,,,29.40,-65.17,,1745209607,,,,,,,,,,,,2025-04-21 09:56:47.111
tf,NFO,79502,,,,,29.30,-65.28,,1745209608,,,,41.37,23380275,,,29.30,29.40,2550,1650,2025-04-21 09:56:48.411
tf,NFO,79502,,,,,29.75,-64.75,,1745209609,,,,,,,,,,,,2025-04-21 09:56:49.054
tf,NFO,79502,,,,,29.70,-64.81,,1745209610,,,,,23383125,,,29.70,29.80,3450,825,2025-04-21 09:56:49.966
tf,NFO,79502,,,,,29.60,-64.93,,1745209611,,,,,,,,,,,,2025-04-21 09:56:51.078
tf,NFO,79502,,,,,29.50,-65.05,,1745209611,,,,,23393700,,,29.45,29.55,2025,900,2025-04-21 09:56:52.280
tf,NFO,79502,,,,,29.55,-64.99,,1745209612,,,,,,,,,,,,2025-04-21 09:56:52.300
tf,NFO,79502,,,,,29.45,-65.11,,1745209613,,,,,,,,,,,,2025-04-21 09:56:53.063
tf,NFO,79502,,,,,,,,1745209613,,,,41.36,23399175,,,29.40,29.50,3075,825,2025-04-21 09:56:53.346
tf,NFO,79502,,,,,29.50,-65.05,,1745209614,,,,,,,,,,,,2025-04-21 09:56:54.059
tf,NFO,79502,,,,,29.55,-64.99,,1745209615,,,,,23402400,,,29.55,29.60,1875,975,2025-04-21 09:56:54.977
tf,NFO,79502,,,,,29.45,-65.11,,1745209616,,,,,,,,,,,,2025-04-21 09:56:56.061
tf,NFO,79502,,,,,29.55,-64.99,,1745209616,,,,,23410050,,,29.50,,2925,1350,2025-04-21 09:56:56.565
tf,NFO,79502,,,,,29.60,-64.93,,1745209617,,,,,,,,,,,,2025-04-21 09:56:57.064
tf,NFO,79502,,,,,29.50,-65.05,,1745209618,,,,,,,,,,,,2025-04-21 09:56:58.169
tf,NFO,79502,,,,,29.45,-65.11,,1745209618,,,,,23415375,,,29.45,29.55,1575,1950,2025-04-21 09:56:58.417
tf,NFO,79502,,,,,29.35,-65.23,,1745209620,,,,41.35,23420850,,,29.25,29.35,1125,3000,2025-04-21 09:56:59.985
tf,NFO,79502,,,,,29.20,-65.40,,1745209621,,,,,,,,,,,,2025-04-21 09:57:01.093
tf,NFO,79502,,,,,29.10,-65.52,,1745209621,,,,,23429175,,,29.10,29.15,2925,225,2025-04-21 09:57:01.593
tf,NFO,79502,,,,,29.00,-65.64,,1745209622,,,,,,,,,,,,2025-04-21 09:57:02.082
tf,NFO,79502,,,,,29.05,-65.58,,1745209623,,,,,,,,,,,,2025-04-21 09:57:03.068
tf,NFO,79502,,,,,,,,1745209623,,,,41.34,23452425,,,29.05,29.10,1500,150,2025-04-21 09:57:03.366
tf,NFO,79502,,,,,29.10,-65.52,,1745209624,,,,,,,,,,,,2025-04-21 09:57:04.071
tf,NFO,79502,,,,,29.25,-65.34,,1745209625,,,,41.33,23464725,,,29.20,29.25,825,75,2025-04-21 09:57:05.114
tf,NFO,79502,,,,,29.35,-65.23,,1745209626,,,,,,,,,,,,2025-04-21 09:57:06.072
tf,NFO,79502,,,,,29.20,-65.40,,1745209626,,,,41.32,23481000,,,,29.30,3375,1125,2025-04-21 09:57:06.602
tf,NFO,79502,,,,,29.30,-65.28,,1745209627,,,,,,,,,,,,2025-04-21 09:57:07.066
tf,NFO,79502,,,,,29.35,-65.23,,1745209628,,,,,,,,,,,,2025-04-21 09:57:08.070
tf,NFO,79502,,,,,29.40,-65.17,,1745209628,,,,,23483925,,,29.40,29.45,150,2400,2025-04-21 09:57:08.373
tf,NFO,79502,,,,,29.25,-65.34,,1745209629,,,,,,,,,,,,2025-04-21 09:57:09.083
tf,NFO,79502,,,,,,,,1745209630,,,,,23486100,,,29.15,29.25,1725,1725,2025-04-21 09:57:09.992
tf,NFO,79502,,,,,29.10,-65.52,,1745209630,,,,,,,,,,,,2025-04-21 09:57:10.106
tf,NFO,79502,,,,,29.15,-65.46,,1745209631,,,,,,,,,,,,2025-04-21 09:57:11.074
tf,NFO,79502,,,,,28.90,-65.76,,1745209631,,,,41.31,23503800,,,28.90,29.00,2400,1875,2025-04-21 09:57:11.650
tf,NFO,79502,,,,,28.95,-65.70,,1745209632,,,,,,,,,,,,2025-04-21 09:57:12.105
tf,NFO,79502,,,,,29.15,-65.46,,1745209633,,,,,,,,,,,,2025-04-21 09:57:13.102
tf,NFO,79502,,,,,29.00,-65.64,,1745209633,,,,,23507700,,,29.05,29.15,1650,2925,2025-04-21 09:57:13.378
tf,NFO,79502,,,,,29.05,-65.58,,1745209634,,,,,,,,,,,,2025-04-21 09:57:14.078
tf,NFO,79502,,,,,28.80,-65.88,,1745209635,,,,,23510025,,,28.70,28.80,3375,1275,2025-04-21 09:57:14.986
tf,NFO,79502,,,,,29.10,-65.52,,1745209636,,,,,,,,,,,,2025-04-21 09:57:16.104
tf,NFO,79502,,,,,29.20,-65.40,,1745209636,,,,,23513625,,,29.20,29.30,4650,675,2025-04-21 09:57:16.616
tf,NFO,79502,,,,,29.15,-65.46,,1745209637,,,,,,,,,,,,2025-04-21 09:57:17.076
tf,NFO,79502,,,,,29.10,-65.52,,1745209638,,,,41.30,23519325,,,29.15,29.25,675,3300,2025-04-21 09:57:18.473
tf,NFO,79502,,,,,29.20,-65.40,,1745209639,,,,,,,,,,,,2025-04-21 09:57:19.090
tf,NFO,79502,,,,,29.15,-65.46,,1745209640,,,,,23522325,,,,,10950,1500,2025-04-21 09:57:20.110
tf,NFO,79502,,,,,29.10,-65.52,,1745209641,,,,,,,,,,,,2025-04-21 09:57:21.149
tf,NFO,79502,,,,,29.15,-65.46,,1745209641,,,,41.29,23535375,,,29.10,29.20,1050,2925,2025-04-21 09:57:21.623
tf,NFO,79502,,,,,29.05,-65.58,,1745209642,,,,,,,,,,,,2025-04-21 09:57:22.075
tf,NFO,79502,,,,,29.00,-65.64,,1745209643,,,,,,,,,,,,2025-04-21 09:57:23.080
tf,NFO,79502,,,,,28.90,-65.76,,1745209643,,,,,23538075,,,28.90,29.00,2025,3000,2025-04-21 09:57:23.399
tf,NFO,79502,,,,,28.85,-65.82,,1745209645,,,,,23542650,,,28.75,28.85,3600,750,2025-04-21 09:57:25.039
tf,NFO,79502,,,,,28.90,-65.76,,1745209645,,,,,,,,,,,,2025-04-21 09:57:25.126
tf,NFO,79502,,,,,28.95,-65.70,,1745209646,,,,,,,,,,,,2025-04-21 09:57:26.098
tf,NFO,79502,,,,,28.90,-65.76,,1745209646,,,,,23552550,,,,,2700,450,2025-04-21 09:57:26.607
tf,NFO,79502,,,,,28.85,-65.82,,1745209647,,,,,,,,,,,,2025-04-21 09:57:27.085
tf,NFO,79502,,,,,28.90,-65.76,,1745209648,,,,,,,,,,,,2025-04-21 09:57:28.105
tf,NFO,79502,,,,,28.85,-65.82,,1745209648,,,,41.28,23555775,,,28.85,28.95,3525,825,2025-04-21 09:57:28.404
tf,NFO,79502,,,,,28.90,-65.76,,1745209649,,,,,,,,,,,,2025-04-21 09:57:29.087
tf,NFO,79502,,,,,,,,1745209650,,,,,23560350,,,28.90,29.00,975,3675,2025-04-21 09:57:30.013
tf,NFO,79502,,,,,29.05,-65.58,,1745209650,,,,,,,,,,,,2025-04-21 09:57:30.083
tf,NFO,79502,,,,,28.95,-65.70,,1745209651,,,,,23566800,,,28.95,29.05,2400,1500,2025-04-21 09:57:31.724
tf,NFO,79502,,,,,29.00,-65.64,,1745209653,,,,,,,,,,,,2025-04-21 09:57:33.084
tf,NFO,79502,,,,,,,,1745209653,,,,,23569050,,,,29.00,1800,375,2025-04-21 09:57:33.409
tf,NFO,79502,,,,,28.95,-65.70,,1745209654,,,,,,,,,,,,2025-04-21 09:57:34.087
tf,NFO,79502,,,,,28.90,-65.76,,1745209655,,,,41.27,23574450,,,28.90,,1275,2700,2025-04-21 09:57:35.010
tf,NFO,79502,,,,,28.80,-65.88,,1745209656,,,,,23575950,,,28.80,28.90,1875,3150,2025-04-21 09:57:36.638
tf,NFO,79502,,,,,28.90,-65.76,,1745209657,,,,,,,,,,,,2025-04-21 09:57:37.091
tf,NFO,79502,,,,,28.80,-65.88,,1745209658,,,,,,,,,,,,2025-04-21 09:57:38.106
tf,NFO,79502,,,,,28.85,-65.82,,1745209658,,,,,23587275,,,28.70,28.80,1425,5250,2025-04-21 09:57:38.436
tf,NFO,79502,,,,,28.80,-65.88,,1745209659,,,,,,9371025,,,,,,2025-04-21 09:57:39.172
tf,NFO,79502,,,,,28.90,-65.76,,1745209660,,,,41.26,23593275,,,28.80,28.90,1725,1575,2025-04-21 09:57:40.020
tf,NFO,79502,,,,,28.95,-65.70,,1745209661,,,,,23594025,,,,,2400,750,2025-04-21 09:57:41.630
tf,NFO,79502,,,,,28.85,-65.82,,1745209662,,,,,,,,,,,,2025-04-21 09:57:42.091
tf,NFO,79502,,,,,,,,1745209663,,,,,23597925,,,28.70,28.80,2925,825,2025-04-21 09:57:43.421
tf,NFO,79502,,,,,28.70,-66.00,,1745209664,,,,,,,,,,,,2025-04-21 09:57:44.089
tf,NFO,79502,,,,,28.80,-65.88,,1745209665,,,,,23599725,,,,,2400,2175,2025-04-21 09:57:45.100
tf,NFO,79502,,,,,28.70,-66.00,,1745209666,,,,,,,,,,,,2025-04-21 09:57:46.115
tf,NFO,79502,,,,,28.65,-66.05,,1745209666,,,,,23602500,,,28.60,28.70,2025,2250,2025-04-21 09:57:46.655
tf,NFO,79502,,,,,28.70,-66.00,,1745209667,,,,,,,,,,,,2025-04-21 09:57:47.098
tf,NFO,79502,,,,,28.85,-65.82,,1745209668,,,,,,,,,,,,2025-04-21 09:57:48.093
tf,NFO,79502,,,,,29.05,-65.58,,1745209668,,,,,23607525,,,29.00,29.05,1350,225,2025-04-21 09:57:48.430
tf,NFO,79502,,,,,29.10,-65.52,,1745209669,,,,,,,,,,,,2025-04-21 09:57:49.125
tf,NFO,79502,,,,,,,,1745209670,,,,41.25,23611425,,,29.20,29.25,1575,675,2025-04-21 09:57:50.034
tf,NFO,79502,,,,,29.25,-65.34,,1745209671,,,,,,,,,,,,2025-04-21 09:57:51.153
tf,NFO,79502,,,,,29.50,-65.05,,1745209671,,,,,23613975,,,29.45,29.50,1125,2400,2025-04-21 09:57:51.676
tf,NFO,79502,,,,,29.45,-65.11,,1745209672,,,,,,,,,,,,2025-04-21 09:57:52.111
tf,NFO,79502,,,,,29.55,-64.99,,1745209673,,,,,,,,,,,,2025-04-21 09:57:53.129
tf,NFO,79502,,,,,29.75,-64.75,,1745209673,,,,,23619525,,,29.75,29.85,1950,1275,2025-04-21 09:57:53.505
tf,NFO,79502,,,,,29.85,-64.63,,1745209674,,,,,,,,,,,,2025-04-21 09:57:54.208
tf,NFO,79502,,,,,29.65,-64.87,,1745209675,,,,,23622225,,,29.60,29.65,2175,375,2025-04-21 09:57:55.048
tf,NFO,79502,,,,,29.55,-64.99,,1745209675,,,,,,,,,,,,2025-04-21 09:57:55.121
tf,NFO,79502,,,,,29.60,-64.93,,1745209677,,,,41.24,23632200,,,29.50,29.60,1725,1725,2025-04-21 09:57:56.649
tf,NFO,79502,,,,,29.80,-64.69,,1745209678,,,,,,,,,,,,2025-04-21 09:57:58.149
tf,NFO,79502,,,,,29.65,-64.87,,1745209678,,,,,23639250,,,29.65,29.75,675,2175,2025-04-21 09:57:58.491
tf,NFO,79502,,,,,29.35,-65.23,,1745209680,,,,,23643225,,,29.35,29.45,3075,2100,2025-04-21 09:58:00.049
tf,NFO,79502,,,,,29.45,-65.11,,1745209681,,,,,,,,,,,,2025-04-21 09:58:01.099
tf,NFO,79502,,,,,29.40,-65.17,,1745209682,,,,,23645775,,,29.40,,750,900,2025-04-21 09:58:01.679
tf,NFO,79502,,,,,29.35,-65.23,,1745209683,,,,,,,,,,,,2025-04-21 09:58:03.099
tf,NFO,79502,,,,,29.40,-65.17,,1745209683,,,,41.23,23652150,,,29.25,29.35,4200,1125,2025-04-21 09:58:03.478
tf,NFO,79502,,,,,29.15,-65.46,,1745209684,,,,,,,,,,,,2025-04-21 09:58:04.140
tf,NFO,79502,,,,,,,,1745209685,,,,,23659800,,,29.10,29.20,1125,2925,2025-04-21 09:58:05.148
tf,NFO,79502,,,,,29.10,-65.52,,1745209685,,,,,,,,,,,,2025-04-21 09:58:05.149
tf,NFO,79502,,,,,29.25,-65.34,,1745209686,,,,,,,,,,,,2025-04-21 09:58:06.105
tf,NFO,79502,,,,,,,,1745209687,,,,,23663325,,,29.15,29.25,4200,825,2025-04-21 09:58:06.690
tf,NFO,79502,,,,,29.20,-65.40,,1745209687,,,,,,,,,,,,2025-04-21 09:58:07.124
tf,NFO,79502,,,,,29.05,-65.58,,1745209688,,,,,,,,,,,,2025-04-21 09:58:08.109
tf,NFO,79502,,,,,,,,1745209688,,,,,23667900,,,28.95,29.05,3150,1875,2025-04-21 09:58:08.462
tf,NFO,79502,,,,,28.95,-65.70,,1745209689,,,,,,,,,,,,2025-04-21 09:58:09.134
tf,NFO,79502,,,,,28.85,-65.82,,1745209690,,,,41.22,23670675,,,28.85,28.90,75,825,2025-04-21 09:58:10.082
tf,NFO,79502,,,,,28.75,-65.94,,1745209691,,,,,,,,,,,,2025-04-21 09:58:11.174
tf,NFO,79502,,,,,28.70,-66.00,,1745209692,,,,,23676975,,,28.55,28.65,3000,750,2025-04-21 09:58:11.806
tf,NFO,79502,,,,,28.65,-66.05,,1745209692,,,,,,,,,,,,2025-04-21 09:58:12.140
tf,NFO,79502,,,,,28.70,-66.00,,1745209693,,,,,,,,,,,,2025-04-21 09:58:13.129
tf,NFO,79502,,,,,,,,1745209693,,,,,23684025,,,28.60,28.70,1950,2100,2025-04-21 09:58:13.471
tf,NFO,79502,,,,,28.55,-66.17,,1745209694,,,,,,,,,,,,2025-04-21 09:58:14.109
tf,NFO,79502,,,,,28.60,-66.11,,1745209695,,,,,23688150,,,28.55,28.60,375,75,2025-04-21 09:58:15.077
tf,NFO,79502,,,,,28.55,-66.17,,1745209696,,,,,,,,,,,,2025-04-21 09:58:16.110
tf,NFO,79502,,,,,28.40,-66.35,,1745209697,,,,41.21,23695425,,,28.40,28.50,1650,1950,2025-04-21 09:58:16.696
tf,NFO,79502,,,,,28.45,-66.29,,1745209697,,,,,,,,,,,,2025-04-21 09:58:17.113
tf,NFO,79502,,,,,28.30,-66.47,,1745209698,,,,,,,,,,,,2025-04-21 09:58:18.348
tf,NFO,79502,,,,,28.50,-66.23,,1745209698,,,,,23700600,,,,,1425,4350,2025-04-21 09:58:18.529
tf,NFO,79502,,,,,28.45,-66.29,,1745209699,,,,,,,,,,,,2025-04-21 09:58:19.114
tf,NFO,79502,,,,,28.50,-66.23,,1745209700,,,,,23704425,,,28.50,28.60,2100,3675,2025-04-21 09:58:20.084
tf,NFO,79502,,,,,28.60,-66.11,,1745209701,,,,,,,,,,,,2025-04-21 09:58:21.116
tf,NFO,79502,,,,,28.55,-66.17,,1745209702,,,,,23707125,,,,,3075,2850,2025-04-21 09:58:21.707
tf,NFO,79502,,,,,28.60,-66.11,,1745209702,,,,,,,,,,,,2025-04-21 09:58:22.393
tf,NFO,79502,,,,,28.70,-66.00,,1745209703,,,,,,,,,,,,2025-04-21 09:58:23.118
tf,NFO,79502,,,,,,,,1745209703,,,,41.20,23710200,,,28.55,28.65,2175,1950,2025-04-21 09:58:23.485
tf,NFO,79502,,,,,28.55,-66.17,,1745209704,,,,,,,,,,,,2025-04-21 09:58:24.115
