t,e,tk,ts,pp,ls,ti,lp,pc,c,ft,o,h,l,ap,v,oi,poi,bp1,sp1,bq1,sq1,received_timestamp
tk,NFO,79638,NIFTY24APR25C24450,2,75,0.05,32.35,33.95,24.15,1745209402,27.20,35.75,21.00,29.32,7118175,964500,348525,32.30,32.40,225,2025,2025-04-21 09:53:24.055
tf,NFO,79638,,,,,32.15,33.13,,1745209404,,,,,7119825,,,32.05,32.15,1800,450,2025-04-21 09:53:24.064
tf,NFO,79638,,,,,32.05,32.71,,1745209404,,,,,,,,,,,,2025-04-21 09:53:24.531
tf,NFO,79638,,,,,32.00,32.51,,1745209405,,,,,,,,,,,,2025-04-21 09:53:25.530
tf,NFO,79638,,,,,31.70,31.26,,1745209406,,,,,7130775,,,31.65,31.75,300,1875,2025-04-21 09:53:26.041
tf,NFO,79638,,,,,31.90,32.09,,1745209407,,,,,7134300,,,31.70,31.80,1650,1725,2025-04-21 09:53:27.463
tf,NFO,79638,,,,,31.50,30.43,,1745209408,,,,,,,,,,,,2025-04-21 09:53:28.654
tf,NFO,79638,,,,,,,,1745209409,,,,,7136550,,,31.55,31.65,900,2250,2025-04-21 09:53:29.105
tf,NFO,79638,,,,,31.55,30.64,,1745209409,,,,,,,,,,,,2025-04-21 09:53:29.585
tf,NFO,79638,,,,,31.90,32.09,,1745209410,,,,,,,,,,,,2025-04-21 09:53:30.540
tf,NFO,79638,,,,,31.80,31.68,,1745209411,,,,,7139400,,,31.65,31.70,2550,75,2025-04-21 09:53:30.880
tf,NFO,79638,,,,,32.00,32.51,,1745209412,,,,,7140225,,,31.75,31.85,375,3375,2025-04-21 09:53:32.562
tf,NFO,79638,,,,,31.60,30.85,,1745209413,,,,,,,,,,,,2025-04-21 09:53:33.569
tf,NFO,79638,,,,,31.70,31.26,,1745209414,,,,,7142400,,,31.65,31.75,1725,1350,2025-04-21 09:53:34.104
tf,NFO,79638,,,,,31.95,32.30,,1745209415,,,,,,,,,,,,2025-04-21 09:53:35.550
tf,NFO,79638,,,,,31.75,31.47,,1745209416,,,,29.33,7144350,,,,31.80,2025,2475,2025-04-21 09:53:35.879
tf,NFO,79638,,,,,31.80,31.68,,1745209416,,,,,,,,,,,,2025-04-21 09:53:36.537
tf,NFO,79638,,,,,,,,1745209417,,,,,7144650,,,31.85,31.95,900,2850,2025-04-21 09:53:37.485
tf,NFO,79638,,,,,31.90,32.09,,1745209418,,,,,,,,,,,,2025-04-21 09:53:38.539
tf,NFO,79638,,,,,32.00,32.51,,1745209419,,,,,7146675,,,31.90,32.00,75,2775,2025-04-21 09:53:39.155
tf,NFO,79638,,,,,32.15,33.13,,1745209419,,,,,,,,,,,,2025-04-21 09:53:39.951
tf,NFO,79638,,,,,32.00,32.51,,1745209420,,,,,,,,,,,,2025-04-21 09:53:40.573
tf,NFO,79638,,,,,32.25,33.54,,1745209421,,,,,7147800,,,32.15,32.25,3600,75,2025-04-21 09:53:40.884
tf,NFO,79638,,,,,32.30,33.75,,1745209421,,,,,,,,,,,,2025-04-21 09:53:41.544
tf,NFO,79638,,,,,32.15,33.13,,1745209422,,,,,7150800,,,32.10,32.20,300,3375,2025-04-21 09:53:42.495
tf,NFO,79638,,,,,31.85,31.88,,1745209423,,,,,,,,,,,,2025-04-21 09:53:43.544
tf,NFO,79638,,,,,31.75,31.47,,1745209424,,,,,7152600,,,31.80,31.85,975,75,2025-04-21 09:53:44.115
tf,NFO,79638,,,,,31.95,32.30,,1745209424,,,,,,,,,,,,2025-04-21 09:53:44.568
tf,NFO,79638,,,,,32.00,32.51,,1745209425,,,,,,,,,,,,2025-04-21 09:53:45.663
tf,NFO,79638,,,,,,,,1745209426,,,,,7154550,,,,31.90,150,2250,2025-04-21 09:53:45.930
tf,NFO,79638,,,,,31.90,32.09,,1745209426,,,,,,,,,,,,2025-04-21 09:53:46.683
tf,NFO,79638,,,,,,,,1745209427,,,,,7155150,,,31.95,32.05,2250,1425,2025-04-21 09:53:47.504
tf,NFO,79638,,,,,32.10,32.92,,1745209428,,,,,,,,,,,,2025-04-21 09:53:48.353
tf,NFO,79638,,,,,31.95,32.30,,1745209428,,,,,,,,,,,,2025-04-21 09:53:48.543
tf,NFO,79638,,,,,31.85,31.88,,1745209429,,,,,7157250,,,,,1650,750,2025-04-21 09:53:49.119
tf,NFO,79638,,,,,32.10,32.92,,1745209429,,,,,,,,,,,,2025-04-21 09:53:49.589
tf,NFO,79638,,,,,31.80,31.68,,1745209430,,,,,,,,,,,,2025-04-21 09:53:50.547
tf,NFO,79638,,,,,31.90,32.09,,1745209431,,,,,7163100,,,,,1875,1275,2025-04-21 09:53:50.895
tf,NFO,79638,,,,,32.00,32.51,,1745209431,,,,,,,,,,,,2025-04-21 09:53:51.547
tf,NFO,79638,,,,,31.90,32.09,,1745209432,,,,,7164525,,,,,450,3150,2025-04-21 09:53:52.569
tf,NFO,79638,,,,,31.85,31.88,,1745209434,,,,,7165125,,,31.80,31.90,750,4575,2025-04-21 09:53:54.153
tf,NFO,79638,,,,,31.90,32.09,,1745209434,,,,,,,,,,,,2025-04-21 09:53:54.614
tf,NFO,79638,,,,,31.75,31.47,,1745209435,,,,,,,,,,,,2025-04-21 09:53:55.553
tf,NFO,79638,,,,,31.80,31.68,,1745209436,,,,,7168125,,,31.75,31.85,600,3525,2025-04-21 09:53:55.911
tf,NFO,79638,,,,,31.95,32.30,,1745209436,,,,,,,,,,,,2025-04-21 09:53:56.562
tf,NFO,79638,,,,,31.70,31.26,,1745209437,,,,,7170675,,,31.50,31.60,3300,1725,2025-04-21 09:53:57.520
tf,NFO,79638,,,,,31.75,31.47,,1745209438,,,,,,,,,,,,2025-04-21 09:53:58.553
tf,NFO,79638,,,,,31.80,31.68,,1745209439,,,,29.34,7173075,,,31.80,31.90,2100,1425,2025-04-21 09:53:59.207
tf,NFO,79638,,,,,31.70,31.26,,1745209439,,,,,,,,,,,,2025-04-21 09:53:59.625
tf,NFO,79638,,,,,31.90,32.09,,1745209440,,,,,,,,,,,,2025-04-21 09:54:00.637
tf,NFO,79638,,,,,,,,1745209441,,,,,7175925,,,,,1050,1125,2025-04-21 09:54:01.016
tf,NFO,79638,,,,,31.80,31.68,,1745209441,,,,,,,,,,,,2025-04-21 09:54:01.652
tf,NFO,79638,,,,,31.95,32.30,,1745209442,,,,,7178325,,,31.85,31.95,1125,3000,2025-04-21 09:54:02.548
tf,NFO,79638,,,,,31.80,31.68,,1745209443,,,,,,,,,,,,2025-04-21 09:54:03.557
tf,NFO,79638,,,,,31.75,31.47,,1745209444,,,,,7180575,,,31.65,31.75,1800,3975,2025-04-21 09:54:04.141
tf,NFO,79638,,,,,31.85,31.88,,1745209444,,,,,,,,,,,,2025-04-21 09:54:04.561
tf,NFO,79638,,,,,31.80,31.68,,1745209445,,,,,,,,,,,,2025-04-21 09:54:05.577
tf,NFO,79638,,,,,31.60,30.85,,1745209446,,,,,7181250,,,31.55,31.65,1275,2700,2025-04-21 09:54:05.955
tf,NFO,79638,,,,,31.50,30.43,,1745209446,,,,,,,,,,,,2025-04-21 09:54:06.593
tf,NFO,79638,,,,,31.65,31.06,,1745209447,,,,,7184325,,,31.85,31.95,1125,2775,2025-04-21 09:54:07.535
tf,NFO,79638,,,,,31.80,31.68,,1745209448,,,,,,,,,,,,2025-04-21 09:54:08.561
tf,NFO,79638,,,,,31.85,31.88,,1745209449,,,,,7186725,,,31.75,31.85,,3900,2025-04-21 09:54:09.143
tf,NFO,79638,,,,,31.75,31.47,,1745209449,,,,,,,,,,,,2025-04-21 09:54:09.561
tf,NFO,79638,,,,,31.80,31.68,,1745209450,,,,,,,,,,,,2025-04-21 09:54:10.561
tf,NFO,79638,,,,,31.65,31.06,,1745209451,,,,,7189200,,,31.60,31.70,2250,750,2025-04-21 09:54:10.922
tf,NFO,79638,,,,,31.75,31.47,,1745209451,,,,,,,,,,,,2025-04-21 09:54:11.562
tf,NFO,79638,,,,,31.60,30.85,,1745209452,,,,,7189650,,,31.55,31.65,2400,1800,2025-04-21 09:54:12.563
tf,NFO,79638,,,,,31.50,30.43,,1745209453,,,,,,,,,,,,2025-04-21 09:54:13.563
tf,NFO,79638,,,,,31.70,31.26,,1745209454,,,,,7191375,,,31.50,31.60,75,2850,2025-04-21 09:54:14.176
tf,NFO,79638,,,,,31.50,30.43,,1745209455,,,,,,,,,,,,2025-04-21 09:54:15.588
tf,NFO,79638,,,,,31.60,30.85,,1745209456,,,,,7192425,,,31.60,31.70,2025,1200,2025-04-21 09:54:15.936
tf,NFO,79638,,,,,31.75,31.47,,1745209457,,,,,7192500,,,31.70,31.80,2175,3150,2025-04-21 09:54:17.631
tf,NFO,79638,,,,,31.80,31.68,,1745209458,,,,,,,,,,,,2025-04-21 09:54:18.609
tf,NFO,79638,,,,,32.00,32.51,,1745209459,,,,,7194000,,,31.85,32.00,4275,2775,2025-04-21 09:54:19.295
tf,NFO,79638,,,,,32.10,32.92,,1745209460,,,,,,,,,,,,2025-04-21 09:54:20.126
tf,NFO,79638,,,,,,,,1745209461,,,,,7196625,,,31.95,32.05,1200,2250,2025-04-21 09:54:21.032
tf,NFO,79638,,,,,32.00,32.51,,1745209462,,,,,7198500,,,31.80,31.90,2100,600,2025-04-21 09:54:22.640
tf,NFO,79638,,,,,,,,1745209464,,,,,7200225,,,31.90,32.05,2550,3750,2025-04-21 09:54:24.146
tf,NFO,79638,,,,,31.90,32.09,,1745209466,,,,29.35,7200975,,,31.80,31.90,2325,1500,2025-04-21 09:54:26.034
tf,NFO,79638,,,,,31.95,32.30,,1745209466,,,,,,,,,,,,2025-04-21 09:54:26.839
tf,NFO,79638,,,,,31.75,31.47,,1745209467,,,,,7203525,,,31.75,31.85,2625,1800,2025-04-21 09:54:27.577
tf,NFO,79638,,,,,31.80,31.68,,1745209468,,,,,,,,,,,,2025-04-21 09:54:28.574
tf,NFO,79638,,,,,31.85,31.88,,1745209469,,,,,7206150,,,,,2175,750,2025-04-21 09:54:29.162
tf,NFO,79638,,,,,32.00,32.51,,1745209469,,,,,,,,,,,,2025-04-21 09:54:29.638
tf,NFO,79638,,,,,31.75,31.47,,1745209470,,,,,,,,,,,,2025-04-21 09:54:30.608
tf,NFO,79638,,,,,31.90,32.09,,1745209471,,,,,7209075,,,31.80,,450,75,2025-04-21 09:54:30.953
tf,NFO,79638,,,,,31.70,31.26,,1745209471,,,,,,,,,,,,2025-04-21 09:54:31.619
tf,NFO,79638,,,,,,,,1745209472,,,,,7210425,,,31.70,31.80,1575,3075,2025-04-21 09:54:32.780
tf,NFO,79638,,,,,31.60,30.85,,1745209473,,,,,,,,,,,,2025-04-21 09:54:33.633
tf,NFO,79638,,,,,31.85,31.88,,1745209474,,,,,7211925,,,31.80,31.90,2550,975,2025-04-21 09:54:34.232
tf,NFO,79638,,,,,32.00,32.51,,1745209474,,,,,,,,,,,,2025-04-21 09:54:34.622
tf,NFO,79638,,,,,31.75,31.47,,1745209475,,,,,,,,,,,,2025-04-21 09:54:35.736
tf,NFO,79638,,,,,31.70,31.26,,1745209476,,,,,7213200,,,31.60,31.70,3225,1575,2025-04-21 09:54:35.963
tf,NFO,79638,,,,,31.95,32.30,,1745209476,,,,,,,,,,,,2025-04-21 09:54:36.618
tf,NFO,79638,,,,,32.05,32.71,,1745209477,,,,,7221450,,,31.85,31.95,2700,450,2025-04-21 09:54:37.617
tf,NFO,79638,,,,,31.80,31.68,,1745209478,,,,,,,,,,,,2025-04-21 09:54:38.713
tf,NFO,79638,,,,,31.85,31.88,,1745209479,,,,,7223550,,,31.80,31.85,1500,75,2025-04-21 09:54:39.342
tf,NFO,79638,,,,,31.90,32.09,,1745209479,,,,,,,,,,,,2025-04-21 09:54:39.715
tf,NFO,79638,,,,,31.95,32.30,,1745209480,,,,,,1003125,,,,,,2025-04-21 09:54:40.580
tf,NFO,79638,,,,,,,,1745209481,,,,,7225650,,,31.85,31.95,2625,1800,2025-04-21 09:54:40.801
tf,NFO,79638,,,,,31.85,31.88,,1745209481,,,,,,,,,,,,2025-04-21 09:54:41.581
tf,NFO,79638,,,,,31.90,32.09,,1745209482,,,,,7226100,,,,,3150,1275,2025-04-21 09:54:42.590
tf,NFO,79638,,,,,31.75,31.47,,1745209483,,,,,,,,,,,,2025-04-21 09:54:43.588
tf,NFO,79638,,,,,31.80,31.68,,1745209484,,,,,7226700,,,31.70,31.80,2550,2925,2025-04-21 09:54:44.179
tf,NFO,79638,,,,,31.95,32.30,,1745209485,,,,,,,,,,,,2025-04-21 09:54:45.698
tf,NFO,79638,,,,,32.00,32.51,,1745209486,,,,,7228425,,,31.90,32.00,2775,1875,2025-04-21 09:54:45.844
tf,NFO,79638,,,,,32.10,32.92,,1745209487,,,,,,,,,,,,2025-04-21 09:54:47.658
tf,NFO,79638,,,,,,,,1745209487,,,,,7229100,,,,,2625,3000,2025-04-21 09:54:47.660
tf,NFO,79638,,,,,31.85,31.88,,1745209488,,,,,,,,,,,,2025-04-21 09:54:48.611
tf,NFO,79638,,,,,32.00,32.51,,1745209489,,,,29.36,7232775,,,,,2925,900,2025-04-21 09:54:49.214
tf,NFO,79638,,,,,32.10,32.92,,1745209489,,,,,,,,,,,,2025-04-21 09:54:49.585
tf,NFO,79638,,,,,31.95,32.30,,1745209490,,,,,,,,,,,,2025-04-21 09:54:50.587
tf,NFO,79638,,,,,32.00,32.51,,1745209491,,,,,7235175,,,31.95,32.05,3450,1050,2025-04-21 09:54:50.838
tf,NFO,79638,,,,,32.20,33.33,,1745209492,,,,,,,,,,,,2025-04-21 09:54:52.597
tf,NFO,79638,,,,,,,,1745209492,,,,,7236900,,,32.25,32.30,150,600,2025-04-21 09:54:52.602
tf,NFO,79638,,,,,32.25,33.54,,1745209493,,,,,,,,,,,,2025-04-21 09:54:53.587
tf,NFO,79638,,,,,32.35,33.95,,1745209494,,,,,7242600,,,32.30,32.40,2850,2400,2025-04-21 09:54:54.224
tf,NFO,79638,,,,,32.40,34.16,,1745209494,,,,,,,,,,,,2025-04-21 09:54:54.601
tf,NFO,79638,,,,,32.35,33.95,,1745209495,,,,,,,,,,,,2025-04-21 09:54:55.603
tf,NFO,79638,,,,,32.20,33.33,,1745209496,,,,,7243800,,,32.20,32.30,2775,3075,2025-04-21 09:54:55.808
tf,NFO,79638,,,,,32.25,33.54,,1745209496,,,,,,,,,,,,2025-04-21 09:54:56.590
tf,NFO,79638,,,,,32.20,33.33,,1745209497,,,,,,,,,,,,2025-04-21 09:54:57.648
tf,NFO,79638,,,,,32.25,33.54,,1745209497,,,,,7245075,,,32.15,32.25,1950,1200,2025-04-21 09:54:57.668
tf,NFO,79638,,,,,32.30,33.75,,1745209498,,,,,,,,,,,,2025-04-21 09:54:58.868
tf,NFO,79638,,,,,,,,1745209499,,,,,7245375,,,32.35,32.45,2475,1350,2025-04-21 09:54:59.433
tf,NFO,79638,,,,,32.40,34.16,,1745209499,,,,,,,,,,,,2025-04-21 09:54:59.803
tf,NFO,79638,,,,,32.30,33.75,,1745209500,,,,,,,,,,,,2025-04-21 09:55:00.628
tf,NFO,79638,,,,,32.35,33.95,,1745209501,,,,,7247925,,,32.25,32.35,2100,675,2025-04-21 09:55:00.841
tf,NFO,79638,,,,,32.20,33.33,,1745209501,,,,,,,,,,,,2025-04-21 09:55:01.602
tf,NFO,79638,,,,,32.00,32.51,,1745209502,,,,,,,,,,,,2025-04-21 09:55:02.595
tf,NFO,79638,,,,,,,,1745209502,,,,,7249800,,,32.00,32.10,600,2625,2025-04-21 09:55:02.622
tf,NFO,79638,,,,,32.15,33.13,,1745209503,,,,,,,,,,,,2025-04-21 09:55:03.605
tf,NFO,79638,,,,,31.95,32.30,,1745209504,,,,,7253025,,,31.95,32.05,1275,2025,2025-04-21 09:55:04.243
tf,NFO,79638,,,,,32.20,33.33,,1745209504,,,,,,,,,,,,2025-04-21 09:55:04.593
tf,NFO,79638,,,,,,,,1745209506,,,,29.37,7256400,,,32.10,32.20,3375,150,2025-04-21 09:55:05.945
tf,NFO,79638,,,,,32.25,33.54,,1745209507,,,,,,,,,,,,2025-04-21 09:55:07.618
tf,NFO,79638,,,,,,,,1745209507,,,,,7257975,,,32.15,32.30,2700,2250,2025-04-21 09:55:07.627
tf,NFO,79638,,,,,32.30,33.75,,1745209508,,,,,,,,,,,,2025-04-21 09:55:08.708
tf,NFO,79638,,,,,,,,1745209509,,,,,7259550,,,,32.25,1200,1800,2025-04-21 09:55:09.235
tf,NFO,79638,,,,,32.15,33.13,,1745209509,,,,,,,,,,,,2025-04-21 09:55:09.605
tf,NFO,79638,,,,,32.45,34.37,,1745209510,,,,,,,,,,,,2025-04-21 09:55:10.598
tf,NFO,79638,,,,,32.30,33.75,,1745209511,,,,,7262175,,,32.20,,900,150,2025-04-21 09:55:10.871
tf,NFO,79638,,,,,32.40,34.16,,1745209511,,,,,,,,,,,,2025-04-21 09:55:11.615
tf,NFO,79638,,,,,32.30,33.75,,1745209512,,,,,,,,,,,,2025-04-21 09:55:12.707
tf,NFO,79638,,,,,,,,1745209512,,,,,7269900,,,32.30,32.40,2550,1350,2025-04-21 09:55:12.724
tf,NFO,79638,,,,,32.45,34.37,,1745209513,,,,,,,,,,,,2025-04-21 09:55:13.623
tf,NFO,79638,,,,,,,,1745209514,,,,,7273725,,,32.45,32.55,2250,1050,2025-04-21 09:55:14.260
tf,NFO,79638,,,,,32.60,34.99,,1745209514,,,,,,,,,,,,2025-04-21 09:55:14.609
tf,NFO,79638,,,,,32.80,35.82,,1745209516,,,,,,,,,,,,2025-04-21 09:55:15.805
tf,NFO,79638,,,,,,,,1745209516,,,,,7276725,,,32.80,32.90,1125,1275,2025-04-21 09:55:15.865
tf,NFO,79638,,,,,32.90,36.23,,1745209516,,,,,,,,,,,,2025-04-21 09:55:16.623
tf,NFO,79638,,,,,33.85,40.17,,1745209517,,,,,,,,,,,,2025-04-21 09:55:17.609
tf,NFO,79638,,,,,33.90,40.37,,1745209518,,,,29.40,7316250,,,33.75,33.90,1575,1950,2025-04-21 09:55:17.638
tf,NFO,79638,,,,,34.15,41.41,,1745209518,,,,,,,,,,,,2025-04-21 09:55:18.709
tf,NFO,79638,,,,,33.95,40.58,,1745209519,,,,29.41,7330875,,,33.85,33.95,,300,2025-04-21 09:55:19.277
tf,NFO,79638,,,,,33.65,39.34,,1745209519,,,,,,,,,,,,2025-04-21 09:55:19.873
tf,NFO,79638,,,,,34.05,40.99,,1745209521,,,,29.42,7351725,,,34.00,34.15,1725,975,2025-04-21 09:55:20.875
tf,NFO,79638,,,,,34.50,42.86,,1745209522,,,,,,,,,,,,2025-04-21 09:55:21.804
tf,NFO,79638,,,,,34.80,44.10,,1745209522,,,,,,,,,,,,2025-04-21 09:55:22.609
tf,NFO,79638,,,,,35.00,44.93,,1745209523,,,,29.44,7378350,,,34.90,35.00,450,15000,2025-04-21 09:55:22.646
tf,NFO,79638,,,,,35.05,45.13,,1745209524,,,,29.46,7404900,,,35.05,35.20,1575,1200,2025-04-21 09:55:24.267
tf,NFO,79638,,,,,34.95,44.72,,1745209524,,,,,,,,,,,,2025-04-21 09:55:24.611
tf,NFO,79638,,,,,34.80,44.10,,1745209525,,,,,,,,,,,,2025-04-21 09:55:25.889
tf,NFO,79638,,,,,34.70,43.69,,1745209526,,,,29.47,7419525,,,34.70,34.75,675,300,2025-04-21 09:55:26.042
tf,NFO,79638,,,,,35.10,45.34,,1745209526,,,,,,,,,,,,2025-04-21 09:55:26.610
tf,NFO,79638,,,,,35.20,45.76,,1745209527,,,,,,,,,,,,2025-04-21 09:55:27.633
tf,NFO,79638,,,,,35.05,45.13,,1745209528,,35.85,,29.50,7460850,,,35.05,35.15,1200,825,2025-04-21 09:55:27.664
tf,NFO,79638,,,,,35.10,45.34,,1745209528,,,,,,,,,,,,2025-04-21 09:55:28.615
tf,NFO,79638,,,,,34.85,44.31,,1745209529,,,,29.51,7480425,,,34.85,35.00,3075,600,2025-04-21 09:55:29.281
tf,NFO,79638,,,,,35.10,45.34,,1745209529,,,,,,,,,,,,2025-04-21 09:55:29.613
tf,NFO,79638,,,,,35.30,46.17,,1745209530,,,,,,,,,,,,2025-04-21 09:55:30.626
tf,NFO,79638,,,,,35.20,45.76,,1745209531,,,,29.53,7502850,,,35.15,35.30,1500,900,2025-04-21 09:55:30.875
tf,NFO,79638,,,,,35.30,46.17,,1745209532,,,,,,,,,,,,2025-04-21 09:55:31.819
tf,NFO,79638,,,,,,,,1745209533,,,,29.54,7511850,,,35.20,,525,1650,2025-04-21 09:55:32.859
tf,NFO,79638,,,,,35.20,45.76,,1745209533,,,,,,,,,,,,2025-04-21 09:55:33.614
tf,NFO,79638,,,,,,,,1745209534,,,,,7517550,,,35.15,,1875,1425,2025-04-21 09:55:34.272
tf,NFO,79638,,,,,35.30,46.17,,1745209534,,,,,,,,,,,,2025-04-21 09:55:34.611
tf,NFO,79638,,,,,34.80,44.10,,1745209535,,,,,,,,,,,,2025-04-21 09:55:35.615
tf,NFO,79638,,,,,34.50,42.86,,1745209536,,,,29.55,7532550,,,34.50,34.60,3300,750,2025-04-21 09:55:35.888
tf,NFO,79638,,,,,34.60,43.27,,1745209536,,,,,,,,,,,,2025-04-21 09:55:36.611
tf,NFO,79638,,,,,35.05,45.13,,1745209537,,,,29.56,7539300,,,34.95,35.05,75,2625,2025-04-21 09:55:37.490
tf,NFO,79638,,,,,35.00,44.93,,1745209537,,,,,,,,,,,,2025-04-21 09:55:37.615
tf,NFO,79638,,,,,35.10,45.34,,1745209538,,,,,,,,,,,,2025-04-21 09:55:38.689
tf,NFO,79638,,,,,34.95,44.72,,1745209539,,,,,7545375,,,34.85,34.95,2775,150,2025-04-21 09:55:39.341
tf,NFO,79638,,,,,35.10,45.34,,1745209539,,,,,,,,,,,,2025-04-21 09:55:39.731
tf,NFO,79638,,,,,35.20,45.76,,1745209540,,,,,,,,,,,,2025-04-21 09:55:40.613
tf,NFO,79638,,,,,,,,1745209541,,,,,7547925,,,35.15,35.25,2700,1425,2025-04-21 09:55:40.998
tf,NFO,79638,,,,,35.25,45.96,,1745209542,,,,29.57,7553925,,,35.25,35.35,300,2175,2025-04-21 09:55:42.491
tf,NFO,79638,,,,,35.30,46.17,,1745209542,,,,,,,,,,,,2025-04-21 09:55:42.615
tf,NFO,79638,,,,,35.40,46.58,,1745209543,,,,,,,,,,,,2025-04-21 09:55:43.649
tf,NFO,79638,,,,,35.80,48.24,,1745209544,,,,29.58,7568625,,,35.60,35.75,1575,3075,2025-04-21 09:55:44.274
tf,NFO,79638,,,,,35.40,46.58,,1745209544,,,,,,,,,,,,2025-04-21 09:55:44.628
tf,NFO,79638,,,,,35.10,45.34,,1745209545,,,,,,,,,,,,2025-04-21 09:55:45.696
tf,NFO,79638,,,,,34.95,44.72,,1745209546,,,,29.59,7577925,,,34.90,35.05,2475,1500,2025-04-21 09:55:45.894
tf,NFO,79638,,,,,35.00,44.93,,1745209546,,,,,,,,,,,,2025-04-21 09:55:46.627
tf,NFO,79638,,,,,35.15,45.55,,1745209547,,,,,7584075,,,35.05,35.20,1950,2025,2025-04-21 09:55:47.494
tf,NFO,79638,,,,,35.05,45.13,,1745209547,,,,,,,,,,,,2025-04-21 09:55:47.633
tf,NFO,79638,,,,,35.10,45.34,,1745209548,,,,,,,,,,,,2025-04-21 09:55:48.639
tf,NFO,79638,,,,,35.15,45.55,,1745209549,,,,,7586550,,,35.10,,75,1200,2025-04-21 09:55:49.283
tf,NFO,79638,,,,,35.05,45.13,,1745209549,,,,,,,,,,,,2025-04-21 09:55:49.633
tf,NFO,79638,,,,,35.30,46.17,,1745209550,,,,,,,,,,,,2025-04-21 09:55:50.632
tf,NFO,79638,,,,,35.20,45.76,,1745209551,,,,29.60,7590750,,,35.25,35.35,2925,1425,2025-04-21 09:55:50.891
tf,NFO,79638,,,,,35.05,45.13,,1745209551,,,,,,,,,,,,2025-04-21 09:55:51.658
tf,NFO,79638,,,,,35.10,45.34,,1745209552,,,,,7595025,,,35.00,35.05,75,1650,2025-04-21 09:55:52.630
tf,NFO,79638,,,,,34.80,44.10,,1745209552,,,,,,,,,,,,2025-04-21 09:55:52.666
tf,NFO,79638,,,,,34.25,41.82,,1745209554,,,,,,,,,,,,2025-04-21 09:55:53.831
tf,NFO,79638,,,,,,,,1745209554,,,,29.61,7604775,,,34.10,34.20,1875,375,2025-04-21 09:55:54.292
tf,NFO,79638,,,,,34.35,42.24,,1745209555,,,,,,,,,,,,2025-04-21 09:55:55.630
tf,NFO,79638,,,,,34.45,42.65,,1745209556,,,,,7610400,,,34.35,34.40,150,1275,2025-04-21 09:55:55.905
tf,NFO,79638,,,,,34.20,41.61,,1745209556,,,,,,,,,,,,2025-04-21 09:55:56.634
tf,NFO,79638,,,,,34.00,40.79,,1745209557,,,,,7620975,,,34.00,34.10,2025,1050,2025-04-21 09:55:57.523
tf,NFO,79638,,,,,33.45,38.51,,1745209558,,,,,,,,,,,,2025-04-21 09:55:58.647
tf,NFO,79638,,,,,33.20,37.47,,1745209559,,,,29.63,7647375,,,33.05,33.15,900,2550,2025-04-21 09:55:59.388
tf,NFO,79638,,,,,32.90,36.23,,1745209559,,,,,,,,,,,,2025-04-21 09:55:59.638
tf,NFO,79638,,,,,32.65,35.20,,1745209561,,,,,,,,,,,,2025-04-21 09:56:00.838
tf,NFO,79638,,,,,32.70,35.40,,1745209561,,,,29.64,7672725,,,32.75,32.85,75,1725,2025-04-21 09:56:00.906
tf,NFO,79638,,,,,33.20,37.47,,1745209561,,,,,,,,,,,,2025-04-21 09:56:01.648
tf,NFO,79638,,,,,33.05,36.85,,1745209562,,,,29.65,7701675,,,33.00,33.05,150,1050,2025-04-21 09:56:02.535
tf,NFO,79638,,,,,33.15,37.27,,1745209563,,,,,,,,,,,,2025-04-21 09:56:03.641
tf,NFO,79638,,,,,32.75,35.61,,1745209564,,,,29.66,7709850,,,32.70,32.80,525,1425,2025-04-21 09:56:04.308
tf,NFO,79638,,,,,32.85,36.02,,1745209564,,,,,,,,,,,,2025-04-21 09:56:04.636
tf,NFO,79638,,,,,33.05,36.85,,1745209565,,,,,,,,,,,,2025-04-21 09:56:05.765
tf,NFO,79638,,,,,,,,1745209566,,,,,7717500,,,33.10,33.20,150,3225,2025-04-21 09:56:05.970
tf,NFO,79638,,,,,33.30,37.89,,1745209567,,,,,,,,,,,,2025-04-21 09:56:06.657
tf,NFO,79638,,,,,33.35,38.10,,1745209567,,,,,7722975,,,33.30,33.40,1500,1800,2025-04-21 09:56:07.543
tf,NFO,79638,,,,,33.40,38.30,,1745209568,,,,,,,,,,,,2025-04-21 09:56:07.640
tf,NFO,79638,,,,,33.65,39.34,,1745209569,,,,,,,,,,,,2025-04-21 09:56:08.640
tf,NFO,79638,,,,,34.25,41.82,,1745209569,,,,29.67,7745325,,,34.20,34.30,1050,600,2025-04-21 09:56:09.315
tf,NFO,79638,,,,,34.35,42.24,,1745209570,,,,,,,,,,,,2025-04-21 09:56:09.642
tf,NFO,79638,,,,,34.20,41.61,,1745209571,,,,,,,,,,,,2025-04-21 09:56:10.636
tf,NFO,79638,,,,,34.10,41.20,,1745209571,,,,29.68,7748400,,,34.10,34.20,1650,825,2025-04-21 09:56:10.917
tf,NFO,79638,,,,,34.00,40.79,,1745209572,,,,,,,,,,,,2025-04-21 09:56:11.773
tf,NFO,79638,,,,,34.25,41.82,,1745209572,,,,,7749525,,,34.15,34.30,2250,2925,2025-04-21 09:56:12.541
tf,NFO,79638,,,,,34.10,41.20,,1745209574,,,,,,,,,,,,2025-04-21 09:56:13.726
tf,NFO,79638,,,,,34.25,41.82,,1745209574,,,,,7752075,,,34.25,34.35,1350,825,2025-04-21 09:56:14.346
tf,NFO,79638,,,,,34.15,41.41,,1745209576,,,,,,,,,,,,2025-04-21 09:56:15.645
tf,NFO,79638,,,,,,,,1745209576,,,,,7756125,,,34.10,34.20,1650,900,2025-04-21 09:56:15.926
tf,NFO,79638,,,,,34.10,41.20,,1745209577,,,,,,,,,,,,2025-04-21 09:56:16.662
tf,NFO,79638,,,,,34.05,40.99,,1745209577,,,,,7758000,,,33.95,34.05,1500,1875,2025-04-21 09:56:17.557
tf,NFO,79638,,,,,33.95,40.58,,1745209578,,,,,,,,,,,,2025-04-21 09:56:17.645
tf,NFO,79638,,,,,34.25,41.82,,1745209579,,,,,,,,,,,,2025-04-21 09:56:18.657
tf,NFO,79638,,,,,34.00,40.79,,1745209579,,,,,7759200,,,33.85,33.95,225,2775,2025-04-21 09:56:19.330
tf,NFO,79638,,,,,33.95,40.58,,1745209580,,,,,,,,,,,,2025-04-21 09:56:19.647
tf,NFO,79638,,,,,34.00,40.79,,1745209581,,,,,,,,,,,,2025-04-21 09:56:20.645
tf,NFO,79638,,,,,33.90,40.37,,1745209581,,,,,7760100,,,33.80,33.85,,225,2025-04-21 09:56:20.939
tf,NFO,79638,,,,,33.60,39.13,,1745209582,,,,,,,,,,,,2025-04-21 09:56:21.671
tf,NFO,79638,,,,,,,,1745209582,,,,,7761150,,,33.50,33.60,1350,1125,2025-04-21 09:56:22.539
tf,NFO,79638,,,,,33.40,38.30,,1745209584,,,,,,,,,,,,2025-04-21 09:56:23.646
tf,NFO,79638,,,,,33.25,37.68,,1745209584,,,,29.69,7767525,,,33.20,33.35,1500,2475,2025-04-21 09:56:24.342
tf,NFO,79638,,,,,33.45,38.51,,1745209585,,,,,,,,,,,,2025-04-21 09:56:24.650
tf,NFO,79638,,,,,33.15,37.27,,1745209586,,,,,,,,,,,,2025-04-21 09:56:25.668
tf,NFO,79638,,,,,33.25,37.68,,1745209586,,,,,7772175,,,,33.30,2100,300,2025-04-21 09:56:26.020
tf,NFO,79638,,,,,33.15,37.27,,1745209587,,,,,,,,,,,,2025-04-21 09:56:26.649
tf,NFO,79638,,,,,32.85,36.02,,1745209587,,,,,7781175,,,32.75,32.85,525,1650,2025-04-21 09:56:27.555
tf,NFO,79638,,,,,32.70,35.40,,1745209588,,,,,,,,,,,,2025-04-21 09:56:27.657
tf,NFO,79638,,,,,32.55,34.78,,1745209589,,,,,,,,,,,,2025-04-21 09:56:28.675
tf,NFO,79638,,,,,32.90,36.23,,1745209589,,,,,7788450,,,32.90,33.00,1350,1725,2025-04-21 09:56:29.345
tf,NFO,79638,,,,,33.00,36.65,,1745209590,,,,,,,,,,,,2025-04-21 09:56:29.651
tf,NFO,79638,,,,,32.90,36.23,,1745209591,,,,,,,,,,,,2025-04-21 09:56:30.654
tf,NFO,79638,,,,,33.00,36.65,,1745209591,,,,29.70,7797600,,,33.05,33.10,225,450,2025-04-21 09:56:30.949
tf,NFO,79638,,,,,33.35,38.10,,1745209592,,,,,,,,,,,,2025-04-21 09:56:31.707
tf,NFO,79638,,,,,33.40,38.30,,1745209592,,,,,7802325,,,33.30,33.40,2400,150,2025-04-21 09:56:32.606
tf,NFO,79638,,,,,33.55,38.92,,1745209594,,,,,,,,,,,,2025-04-21 09:56:33.653
tf,NFO,79638,,,,,33.45,38.51,,1745209594,,,,,7807875,,,33.45,33.55,1650,750,2025-04-21 09:56:34.357
tf,NFO,79638,,,,,33.55,38.92,,1745209595,,,,,,,,,,,,2025-04-21 09:56:34.656
tf,NFO,79638,,,,,33.50,38.72,,1745209596,,,,,,,,,,,,2025-04-21 09:56:35.657
tf,NFO,79638,,,,,,,,1745209596,,,,29.71,7812000,,,33.60,33.70,1425,1575,2025-04-21 09:56:35.974
tf,NFO,79638,,,,,33.65,39.34,,1745209597,,,,,,,,,,,,2025-04-21 09:56:36.659
tf,NFO,79638,,,,,33.70,39.54,,1745209597,,,,,7817475,,,,,600,2625,2025-04-21 09:56:37.561
tf,NFO,79638,,,,,33.55,38.92,,1745209599,,,,,7823175,,,33.40,33.45,300,600,2025-04-21 09:56:39.171
tf,NFO,79638,,,,,33.40,38.30,,1745209600,,,,,,,,,,,,2025-04-21 09:56:39.659
tf,NFO,79638,,,,,33.70,39.54,,1745209601,,,,,,,,,,,,2025-04-21 09:56:40.659
tf,NFO,79638,,,,,,,,1745209601,,,,,7826925,,,33.55,33.65,150,2625,2025-04-21 09:56:40.968
tf,NFO,79638,,,,,33.50,38.72,,1745209602,,,,,,,,,,,,2025-04-21 09:56:41.657
tf,NFO,79638,,,,,,,,1745209602,,,,,7827825,,,33.45,33.55,2325,450,2025-04-21 09:56:42.570
tf,NFO,79638,,,,,33.55,38.92,,1745209603,,,,,,,,,,,,2025-04-21 09:56:42.657
tf,NFO,79638,,,,,33.50,38.72,,1745209604,,,,,7830000,,,33.40,33.50,300,2325,2025-04-21 09:56:44.171
tf,NFO,79638,,,,,33.60,39.13,,1745209605,,,,,,,,,,,,2025-04-21 09:56:44.702
tf,NFO,79638,,,,,33.65,39.34,,1745209606,,,,,,,,,,,,2025-04-21 09:56:45.720
tf,NFO,79638,,,,,33.70,39.54,,1745209606,,,,29.72,7838850,,,33.55,33.65,975,1275,2025-04-21 09:56:46.084
tf,NFO,79638,,,,,33.50,38.72,,1745209607,,,,,,,,,,,,2025-04-21 09:56:46.732
tf,NFO,79638,,,,,33.70,39.54,,1745209607,,,,,7842975,,,,,825,1875,2025-04-21 09:56:47.575
tf,NFO,79638,,,,,33.75,39.75,,1745209608,,,,,,,,,,,,2025-04-21 09:56:47.757
tf,NFO,79638,,,,,33.40,38.30,,1745209609,,,,,,,,,,,,2025-04-21 09:56:48.676
tf,NFO,79638,,,,,33.20,37.47,,1745209609,,,,,7844700,,,33.10,33.15,150,825,2025-04-21 09:56:49.200
tf,NFO,79638,,,,,33.05,36.85,,1745209610,,,,,,,,,,,,2025-04-21 09:56:49.661
tf,NFO,79638,,,,,33.30,37.89,,1745209611,,,,,,,,,,,,2025-04-21 09:56:50.674
tf,NFO,79638,,,,,33.15,37.27,,1745209611,,,,,7846800,,,33.05,,525,2100,2025-04-21 09:56:50.982
tf,NFO,79638,,,,,33.25,37.68,,1745209612,,,,,,,,,,,,2025-04-21 09:56:52.287
tf,NFO,79638,,,,,33.35,38.10,,1745209612,,,,,7847925,,,33.30,33.40,600,1800,2025-04-21 09:56:52.672
tf,NFO,79638,,,,,33.40,38.30,,1745209613,,,,,,,,,,,,2025-04-21 09:56:52.679
tf,NFO,79638,,,,,33.25,37.68,,1745209614,,,,,7849950,,,33.25,33.35,2700,1125,2025-04-21 09:56:54.253
tf,NFO,79638,,,,,33.40,38.30,,1745209615,,,,,,,,,,,,2025-04-21 09:56:54.670
tf,NFO,79638,,,,,33.65,39.34,,1745209616,,,,,,,,,,,,2025-04-21 09:56:55.691
tf,NFO,79638,,,,,,,,1745209616,,,,,7851675,,,33.55,33.65,75,1725,2025-04-21 09:56:55.991
tf,NFO,79638,,,,,33.55,38.92,,1745209617,,,,,,,,,,,,2025-04-21 09:56:56.668
tf,NFO,79638,,,,,33.65,39.34,,1745209617,,,,29.73,7852800,,,33.65,33.75,1575,1125,2025-04-21 09:56:57.598
tf,NFO,79638,,,,,33.75,39.75,,1745209618,,,,,,,,,,,,2025-04-21 09:56:57.671
tf,NFO,79638,,,,,33.65,39.34,,1745209619,,,,,,,,,,,,2025-04-21 09:56:58.833
tf,NFO,79638,,,,,33.60,39.13,,1745209619,,,,,7853550,,,33.40,33.55,2850,1500,2025-04-21 09:56:59.245
tf,NFO,79638,,,,,33.70,39.54,,1745209621,,,,,,,,,,,,2025-04-21 09:57:00.674
tf,NFO,79638,,,,,33.75,39.75,,1745209621,,,,,7855275,,,33.75,33.80,300,375,2025-04-21 09:57:00.999
tf,NFO,79638,,,,,33.80,39.96,,1745209622,,,,,,,,,,,,2025-04-21 09:57:01.672
tf,NFO,79638,,,,,,,,1745209622,,,,,7859850,,,33.85,33.95,2100,975,2025-04-21 09:57:02.604
tf,NFO,79638,,,,,33.90,40.37,,1745209623,,,,,,,,,,,,2025-04-21 09:57:02.688
tf,NFO,79638,,,,,33.85,40.17,,1745209624,,,,,,,,,,,,2025-04-21 09:57:03.672
tf,NFO,79638,,,,,,,,1745209624,,,,,7871250,,,33.65,33.75,2025,600,2025-04-21 09:57:04.235
tf,NFO,79638,,,,,33.60,39.13,,1745209625,,,,,,,,,,,,2025-04-21 09:57:04.797
tf,NFO,79638,,,,,33.80,39.96,,1745209626,,,,,,,,,,,,2025-04-21 09:57:05.785
tf,NFO,79638,,,,,33.85,40.17,,1745209626,,,,29.74,7875375,,,33.80,33.90,225,2625,2025-04-21 09:57:06.002
tf,NFO,79638,,,,,33.70,39.54,,1745209627,,,,,7877775,,,33.65,33.75,1275,2250,2025-04-21 09:57:07.622
tf,NFO,79638,,,,,33.75,39.75,,1745209628,,,,,,,,,,,,2025-04-21 09:57:07.675
tf,NFO,79638,,,,,33.50,38.72,,1745209629,,,,,,,,,,,,2025-04-21 09:57:08.680
tf,NFO,79638,,,,,33.55,38.92,,1745209629,,,,,7880625,,,33.60,33.70,1200,1050,2025-04-21 09:57:09.242
tf,NFO,79638,,,,,33.80,39.96,,1745209631,,,,,,,,,,,,2025-04-21 09:57:10.683
tf,NFO,79638,,,,,33.65,39.34,,1745209631,,,,,7881600,,,33.65,,900,1800,2025-04-21 09:57:11.012
tf,NFO,79638,,,,,33.70,39.54,,1745209632,,,,,,,,,,,,2025-04-21 09:57:11.728
tf,NFO,79638,,,,,33.80,39.96,,1745209632,,,,,7886775,,,33.70,33.80,3000,5250,2025-04-21 09:57:12.715
tf,NFO,79638,,,,,33.65,39.34,,1745209634,,,,,,,,,,,,2025-04-21 09:57:13.685
tf,NFO,79638,,,,,33.80,39.96,,1745209634,,,,29.75,7891500,,,33.75,33.85,2400,375,2025-04-21 09:57:14.250
tf,NFO,79638,,,,,33.90,40.37,,1745209635,,,,,,,,,,,,2025-04-21 09:57:14.682
tf,NFO,79638,,,,,33.95,40.58,,1745209636,,,,,,,,,,,,2025-04-21 09:57:15.684
tf,NFO,79638,,,,,33.80,39.96,,1745209636,,,,,7894650,,,,,225,2100,2025-04-21 09:57:16.022
tf,NFO,79638,,,,,33.75,39.75,,1745209637,,,,,,,,,,,,2025-04-21 09:57:16.685
tf,NFO,79638,,,,,33.90,40.37,,1745209637,,,,,7896975,,,33.65,33.80,2250,1875,2025-04-21 09:57:17.628
tf,NFO,79638,,,,,33.80,39.96,,1745209638,,,,,,,,,,,,2025-04-21 09:57:17.681
tf,NFO,79638,,,,,33.70,39.54,,1745209639,,,,,,,,,,,,2025-04-21 09:57:18.683
tf,NFO,79638,,,,,,,,1745209639,,,,,7898475,,,,33.70,525,375,2025-04-21 09:57:19.290
tf,NFO,79638,,,,,33.75,39.75,,1745209640,,,,,,,,,,,,2025-04-21 09:57:19.704
tf,NFO,79638,,,,,33.80,39.96,,1745209641,,,,,,,,,,,,2025-04-21 09:57:20.735
tf,NFO,79638,,,,,34.10,41.20,,1745209641,,,,,7902900,,,33.95,34.05,2100,1275,2025-04-21 09:57:21.107
tf,NFO,79638,,,,,33.85,40.17,,1745209642,,,,,,,,,,,,2025-04-21 09:57:21.687
tf,NFO,79638,,,,,,,,1745209642,,,,,7906200,,,33.80,33.90,2250,1200,2025-04-21 09:57:22.629
tf,NFO,79638,,,,,,,,1745209644,,,,,7908525,,,33.75,33.85,1500,2475,2025-04-21 09:57:24.263
tf,NFO,79638,,,,,33.55,38.92,,1745209646,,,,,,,,,,,,2025-04-21 09:57:25.696
tf,NFO,79638,,,,,33.50,38.72,,1745209646,,,,29.76,7911900,,,33.45,33.55,2325,3075,2025-04-21 09:57:26.038
tf,NFO,79638,,,,,33.90,40.37,,1745209647,,,,,,,,,,,,2025-04-21 09:57:26.690
tf,NFO,79638,,,,,,,,1745209647,,,,,7921950,,,33.90,34.00,975,3675,2025-04-21 09:57:27.678
tf,NFO,79638,,,,,33.95,40.58,,1745209649,,,,,,,,,,,,2025-04-21 09:57:28.693
tf,NFO,79638,,,,,33.85,40.17,,1745209649,,,,,7924950,,,33.75,33.90,2400,2700,2025-04-21 09:57:29.270
tf,NFO,79638,,,,,34.00,40.79,,1745209651,,,,,,,,,,,,2025-04-21 09:57:30.694
tf,NFO,79638,,,,,,,,1745209651,,,,,7927125,,,33.70,33.80,1200,3450,2025-04-21 09:57:31.041
tf,NFO,79638,,,,,33.70,39.54,,1745209652,,,,,,,,,,,,2025-04-21 09:57:31.734
tf,NFO,79638,,,,,,,,1745209653,,,,29.77,7931325,,,33.60,33.70,2025,1875,2025-04-21 09:57:32.785
tf,NFO,79638,,,,,33.65,39.34,,1745209653,,,,,,,,,,,,2025-04-21 09:57:32.788
tf,NFO,79638,,,,,,,,1745209654,,,,,7932525,,,,,2925,1350,2025-04-21 09:57:34.271
tf,NFO,79638,,,,,33.75,39.75,,1745209655,,,,,,,,,,,,2025-04-21 09:57:34.692
tf,NFO,79638,,,,,33.85,40.17,,1745209656,,,,,7936950,,,33.75,33.85,525,1950,2025-04-21 09:57:36.046
tf,NFO,79638,,,,,33.65,39.34,,1745209657,,,,,,,,,,,,2025-04-21 09:57:36.701
tf,NFO,79638,,,,,33.75,39.75,,1745209657,,,,,7939125,,,33.60,33.75,4425,2775,2025-04-21 09:57:37.458
tf,NFO,79638,,,,,33.85,40.17,,1745209659,,,,,,,,,,,,2025-04-21 09:57:38.781
tf,NFO,79638,,,,,33.95,40.58,,1745209659,,,,,7940025,,,33.80,33.90,2925,750,2025-04-21 09:57:39.346
tf,NFO,79638,,,,,34.10,41.20,,1745209660,,,,,,,,,,,,2025-04-21 09:57:39.699
tf,NFO,79638,,,,,33.90,40.37,,1745209661,,,,,,1038675,,,,,,2025-04-21 09:57:40.722
tf,NFO,79638,,,,,33.85,40.17,,1745209661,,,,,7947600,,,,33.85,225,300,2025-04-21 09:57:40.857
tf,NFO,79638,,,,,33.70,39.54,,1745209662,,,,,,,,,,,,2025-04-21 09:57:41.703
tf,NFO,79638,,,,,34.15,41.41,,1745209662,,,,,7948725,,,34.10,34.15,1425,75,2025-04-21 09:57:42.487
tf,NFO,79638,,,,,34.10,41.20,,1745209663,,,,,,,,,,,,2025-04-21 09:57:42.711
tf,NFO,79638,,,,,34.15,41.41,,1745209664,,,,,,,,,,,,2025-04-21 09:57:43.705
tf,NFO,79638,,,,,34.20,41.61,,1745209664,,,,,7949550,,,34.15,34.25,1050,1500,2025-04-21 09:57:44.263
tf,NFO,79638,,,,,34.45,42.65,,1745209665,,,,,,,,,,,,2025-04-21 09:57:44.738
tf,NFO,79638,,,,,34.55,43.06,,1745209666,,,,,,,,,,,,2025-04-21 09:57:45.730
tf,NFO,79638,,,,,,,,1745209666,,,,29.78,7954800,,,34.55,34.65,2700,1875,2025-04-21 09:57:45.907
tf,NFO,79638,,,,,34.95,44.72,,1745209667,,,,,,,,,,,,2025-04-21 09:57:46.702
tf,NFO,79638,,,,,34.80,44.10,,1745209667,,,,,7965150,,,34.70,34.80,300,2250,2025-04-21 09:57:47.499
tf,NFO,79638,,,,,34.15,41.41,,1745209669,,,,,,,,,,,,2025-04-21 09:57:48.904
tf,NFO,79638,,,,,33.75,39.75,,1745209669,,,,29.79,7970325,,,33.80,33.85,,825,2025-04-21 09:57:49.269
tf,NFO,79638,,,,,33.85,40.17,,1745209670,,,,,,,,,,,,2025-04-21 09:57:49.704
tf,NFO,79638,,,,,33.95,40.58,,1745209671,,,,,,,,,,,,2025-04-21 09:57:50.705
tf,NFO,79638,,,,,33.90,40.37,,1745209671,,,,,7977975,,,33.90,34.00,3675,1125,2025-04-21 09:57:50.882
tf,NFO,79638,,,,,33.75,39.75,,1745209672,,,,,,,,,,,,2025-04-21 09:57:51.840
tf,NFO,79638,,,,,,,,1745209672,,,,,7980975,,,33.80,33.85,75,300,2025-04-21 09:57:52.484
tf,NFO,79638,,,,,33.85,40.17,,1745209673,,,,,,,,,,,,2025-04-21 09:57:52.718
tf,NFO,79638,,,,,33.65,39.34,,1745209674,,,,,,,,,,,,2025-04-21 09:57:53.904
tf,NFO,79638,,,,,33.70,39.54,,1745209674,,,,,7983075,,,33.55,33.65,1050,2400,2025-04-21 09:57:54.406
tf,NFO,79638,,,,,33.75,39.75,,1745209676,,,,,,,,,,,,2025-04-21 09:57:55.715
tf,NFO,79638,,,,,,,,1745209676,,,,29.80,7985700,,,33.70,33.85,2475,2175,2025-04-21 09:57:55.880
tf,NFO,79638,,,,,33.50,38.72,,1745209677,,,,,,,,,,,,2025-04-21 09:57:56.711
tf,NFO,79638,,,,,33.30,37.89,,1745209677,,,,,7999050,,,33.25,33.35,900,2100,2025-04-21 09:57:57.514
tf,NFO,79638,,,,,33.20,37.47,,1745209678,,,,,,,,,,,,2025-04-21 09:57:57.801
tf,NFO,79638,,,,,33.25,37.68,,1745209679,,,,,8001225,,,33.30,33.40,3000,300,2025-04-21 09:57:59.301
tf,NFO,79638,,,,,33.75,39.75,,1745209680,,,,,,,,,,,,2025-04-21 09:57:59.710
tf,NFO,79638,,,,,33.95,40.58,,1745209681,,,,,,,,,,,,2025-04-21 09:58:00.753
tf,NFO,79638,,,,,33.90,40.37,,1745209681,,,,,8004675,,,33.90,34.00,150,2475,2025-04-21 09:58:00.891
tf,NFO,79638,,,,,33.85,40.17,,1745209682,,,,,,,,,,,,2025-04-21 09:58:01.712
tf,NFO,79638,,,,,33.90,40.37,,1745209682,,,,29.81,8009625,,,33.80,33.85,2475,75,2025-04-21 09:58:02.522
tf,NFO,79638,,,,,33.85,40.17,,1745209684,,,,,,,,,,,,2025-04-21 09:58:03.714
tf,NFO,79638,,,,,33.95,40.58,,1745209684,,,,,8022825,,,33.90,33.95,825,225,2025-04-21 09:58:04.294
tf,NFO,79638,,,,,33.90,40.37,,1745209685,,,,,,,,,,,,2025-04-21 09:58:04.805
tf,NFO,79638,,,,,33.75,39.75,,1745209686,,,,,,,,,,,,2025-04-21 09:58:05.862
tf,NFO,79638,,,,,33.70,39.54,,1745209686,,,,29.82,8030175,,,33.65,33.70,1950,150,2025-04-21 09:58:06.004
tf,NFO,79638,,,,,33.75,39.75,,1745209687,,,,,,,,,,,,2025-04-21 09:58:06.733
tf,NFO,79638,,,,,33.95,40.58,,1745209687,,,,,8036175,,,33.90,33.95,1500,75,2025-04-21 09:58:07.517
tf,NFO,79638,,,,,34.00,40.79,,1745209689,,,,,,,,,,,,2025-04-21 09:58:08.716
tf,NFO,79638,,,,,34.20,41.61,,1745209689,,,,,8037675,,,34.20,34.30,525,2250,2025-04-21 09:58:09.304
tf,NFO,79638,,,,,34.30,42.03,,1745209690,,,,,,,,,,,,2025-04-21 09:58:09.722
tf,NFO,79638,,,,,34.15,41.41,,1745209691,,,,,,,,,,,,2025-04-21 09:58:10.713
tf,NFO,79638,,,,,34.60,43.27,,1745209691,,,,,8040450,,,34.60,34.70,2100,900,2025-04-21 09:58:10.929
tf,NFO,79638,,,,,34.50,42.86,,1745209692,,,,,,,,,,,,2025-04-21 09:58:11.809
tf,NFO,79638,,,,,,,,1745209692,,,,,8043075,,,34.40,34.50,1950,1050,2025-04-21 09:58:12.585
tf,NFO,79638,,,,,34.40,42.44,,1745209693,,,,,,,,,,,,2025-04-21 09:58:12.735
tf,NFO,79638,,,,,34.30,42.03,,1745209694,,,,,,,,,,,,2025-04-21 09:58:13.728
tf,NFO,79638,,,,,34.45,42.65,,1745209694,,,,,8045025,,,,,1050,1725,2025-04-21 09:58:14.310
tf,NFO,79638,,,,,34.30,42.03,,1745209696,,,,,,,,,,,,2025-04-21 09:58:15.719
tf,NFO,79638,,,,,34.25,41.82,,1745209696,,,,29.83,8046975,,,34.25,34.35,300,3000,2025-04-21 09:58:15.915
tf,NFO,79638,,,,,34.20,41.61,,1745209697,,,,,,,,,,,,2025-04-21 09:58:16.727
tf,NFO,79638,,,,,34.25,41.82,,1745209697,,,,,8047575,,,,,525,2400,2025-04-21 09:58:18.303
tf,NFO,79638,,,,,34.10,41.20,,1745209699,,,,,8049375,,,34.10,34.20,3825,450,2025-04-21 09:58:19.319
tf,NFO,79638,,,,,34.05,40.99,,1745209701,,,,,,,,,,,,2025-04-21 09:58:20.729
tf,NFO,79638,,,,,,,,1745209701,,,,,8049525,,,34.00,34.10,2025,2100,2025-04-21 09:58:20.928
tf,NFO,79638,,,,,34.15,41.41,,1745209702,,,,,,,,,,,,2025-04-21 09:58:21.725
tf,NFO,79638,,,,,,,,1745209702,,,,,8053050,,,34.05,34.15,1725,675,2025-04-21 09:58:22.555
tf,NFO,79638,,,,,34.00,40.79,,1745209704,,,,,,,,,,,,2025-04-21 09:58:23.724
tf,NFO,79638,,,,,33.90,40.37,,1745209704,,,,,8053200,,,34.00,34.10,225,2250,2025-04-21 09:58:24.579
tf,NFO,79638,,,,,34.00,40.79,,1745209705,,,,,,,,,,,,2025-04-21 09:58:24.781
