t,e,tk,ts,pp,ls,ti,lp,pc,c,ft,o,h,l,ap,v,oi,poi,bp1,sp1,bq1,sq1,received_timestamp
tk,NFO,79504,NIFTY24APR25P23550,2,75,0.05,38.25,-59.88,95.35,1745209404,70.85,71.40,35.05,49.79,6730425,1128900,614025,38.30,38.40,975,225,2025-04-21 09:53:24.001
tf,NFO,79504,,,,,38.35,-59.78,,1745209404,,,,,,,,,,,,2025-04-21 09:53:24.482
tf,NFO,79504,,,,,38.45,-59.67,,1745209405,,,,49.78,6731025,,,38.35,38.45,600,1875,2025-04-21 09:53:25.393
tf,NFO,79504,,,,,38.60,-59.52,,1745209406,,,,,,,,,,,,2025-04-21 09:53:26.680
tf,NFO,79504,,,,,38.50,-59.62,,1745209407,,,,,6732450,,,38.40,38.55,2175,2025,2025-04-21 09:53:27.238
tf,NFO,79504,,,,,38.85,-59.26,,1745209408,,,,,,,,,,,,2025-04-21 09:53:28.490
tf,NFO,79504,,,,,38.95,-59.15,,1745209409,,,,,6733050,,,38.85,38.95,1500,450,2025-04-21 09:53:28.868
tf,NFO,79504,,,,,39.00,-59.10,,1745209409,,,,,,,,,,,,2025-04-21 09:53:29.581
tf,NFO,79504,,,,,38.65,-59.47,,1745209410,,,,49.77,6738675,,,38.55,38.70,2550,1575,2025-04-21 09:53:30.405
tf,NFO,79504,,,,,,,,1745209412,,,,49.76,6743025,,,38.65,38.80,2025,1800,2025-04-21 09:53:32.206
tf,NFO,79504,,,,,38.90,-59.20,,1745209412,,,,,,,,,,,,2025-04-21 09:53:32.566
tf,NFO,79504,,,,,39.05,-59.05,,1745209413,,,,,,,,,,,,2025-04-21 09:53:33.563
tf,NFO,79504,,,,,,,,1745209414,,,,,6748425,,,39.25,39.35,450,825,2025-04-21 09:53:33.811
tf,NFO,79504,,,,,38.90,-59.20,,1745209414,,,,,,,,,,,,2025-04-21 09:53:34.491
tf,NFO,79504,,,,,39.25,-58.84,,1745209415,,,,49.75,6753675,,,39.20,,1725,2175,2025-04-21 09:53:35.414
tf,NFO,79504,,,,,39.00,-59.10,,1745209417,,,,,,,,,,,,2025-04-21 09:53:36.686
tf,NFO,79504,,,,,38.95,-59.15,,1745209417,,,,49.74,6757275,,,38.95,39.05,300,1500,2025-04-21 09:53:37.212
tf,NFO,79504,,,,,38.70,-59.41,,1745209418,,,,,,,,,,,,2025-04-21 09:53:38.498
tf,NFO,79504,,,,,38.65,-59.47,,1745209419,,,,,6757875,,,38.65,38.75,2700,300,2025-04-21 09:53:38.839
tf,NFO,79504,,,,,38.75,-59.36,,1745209419,,,,,,,,,,,,2025-04-21 09:53:39.542
tf,NFO,79504,,,,,38.50,-59.62,,1745209420,,,,49.73,6762225,,,38.35,38.45,375,1350,2025-04-21 09:53:40.565
tf,NFO,79504,,,,,38.45,-59.67,,1745209420,,,,,,,,,,,,2025-04-21 09:53:40.569
tf,NFO,79504,,,,,38.05,-60.09,,1745209421,,,,,,,,,,,,2025-04-21 09:53:41.501
tf,NFO,79504,,,,,38.40,-59.73,,1745209422,,,,,6763425,,,38.40,38.50,1800,1425,2025-04-21 09:53:42.221
tf,NFO,79504,,,,,39.00,-59.10,,1745209423,,,,,,,,,,,,2025-04-21 09:53:43.520
tf,NFO,79504,,,,,39.15,-58.94,,1745209424,,,,49.72,6767850,,,39.00,39.15,2025,1875,2025-04-21 09:53:43.855
tf,NFO,79504,,,,,38.65,-59.47,,1745209424,,,,,,,,,,,,2025-04-21 09:53:44.497
tf,NFO,79504,,,,,,,,1745209425,,,,,6768300,,,38.85,38.95,1125,1125,2025-04-21 09:53:45.456
tf,NFO,79504,,,,,38.85,-59.26,,1745209426,,,,,,,,,,,,2025-04-21 09:53:46.525
tf,NFO,79504,,,,,38.90,-59.20,,1745209427,,,,,6769350,,,38.75,38.90,2100,1725,2025-04-21 09:53:47.233
tf,NFO,79504,,,,,38.85,-59.26,,1745209427,,,,,,,,,,,,2025-04-21 09:53:47.509
tf,NFO,79504,,,,,,,,1745209429,,,,,6770100,,,38.65,38.80,,2625,2025-04-21 09:53:48.837
tf,NFO,79504,,,,,38.65,-59.47,,1745209429,,,,,,,,,,,,2025-04-21 09:53:49.499
tf,NFO,79504,,,,,39.00,-59.10,,1745209430,,,,,6770775,,,38.85,39.00,1575,1950,2025-04-21 09:53:50.463
tf,NFO,79504,,,,,38.60,-59.52,,1745209431,,,,,,,,,,,,2025-04-21 09:53:51.508
tf,NFO,79504,,,,,38.50,-59.62,,1745209432,,,,,6772800,,,38.45,38.60,1275,3300,2025-04-21 09:53:52.262
tf,NFO,79504,,,,,38.60,-59.52,,1745209432,,,,,,,,,,,,2025-04-21 09:53:52.573
tf,NFO,79504,,,,,38.40,-59.73,,1745209433,,,,,,,,,,,,2025-04-21 09:53:53.500
tf,NFO,79504,,,,,38.60,-59.52,,1745209434,,,,49.71,6774825,,,38.40,38.50,750,525,2025-04-21 09:53:53.869
tf,NFO,79504,,,,,38.45,-59.67,,1745209434,,,,,,,,,,,,2025-04-21 09:53:54.611
tf,NFO,79504,,,,,,,,1745209435,,,,,6775200,,,38.50,38.60,,1575,2025-04-21 09:53:55.462
tf,NFO,79504,,,,,38.10,-60.04,,1745209436,,,,,,,,,,,,2025-04-21 09:53:56.528
tf,NFO,79504,,,,,38.15,-59.99,,1745209437,,,,,6777075,,,38.25,38.35,1800,150,2025-04-21 09:53:57.245
tf,NFO,79504,,,,,38.65,-59.47,,1745209437,,,,,,,,,,,,2025-04-21 09:53:57.511
tf,NFO,79504,,,,,38.15,-59.99,,1745209438,,,,,,,,,,,,2025-04-21 09:53:58.505
tf,NFO,79504,,,,,,,,1745209439,,,,,6777825,,,38.05,38.15,1350,450,2025-04-21 09:53:58.885
tf,NFO,79504,,,,,37.95,-60.20,,1745209439,,,,,,,,,,,,2025-04-21 09:53:59.608
tf,NFO,79504,,,,,38.00,-60.15,,1745209440,,,,49.70,6780600,,,37.90,38.00,1200,150,2025-04-21 09:54:00.630
tf,NFO,79504,,,,,38.05,-60.09,,1745209441,,,,,,,,,,,,2025-04-21 09:54:01.623
tf,NFO,79504,,,,,38.10,-60.04,,1745209442,,,,,6781575,,,37.75,37.90,1500,2100,2025-04-21 09:54:02.272
tf,NFO,79504,,,,,37.90,-60.25,,1745209443,,,,,,,,,,,,2025-04-21 09:54:03.520
tf,NFO,79504,,,,,,,,1745209444,,,,,6783525,,,37.95,38.10,1200,1725,2025-04-21 09:54:03.861
tf,NFO,79504,,,,,38.20,-59.94,,1745209444,,,,,,,,,,,,2025-04-21 09:54:04.527
tf,NFO,79504,,,,,38.00,-60.15,,1745209445,,,,,6783975,,,38.00,,1950,900,2025-04-21 09:54:05.561
tf,NFO,79504,,,,,38.50,-59.62,,1745209446,,,,,,,,,,,,2025-04-21 09:54:06.586
tf,NFO,79504,,,,,38.55,-59.57,,1745209447,,,,,6784650,,,38.15,38.25,225,1950,2025-04-21 09:54:07.267
tf,NFO,79504,,,,,38.30,-59.83,,1745209447,,,,,,,,,,,,2025-04-21 09:54:07.507
tf,NFO,79504,,,,,38.05,-60.09,,1745209448,,,,,,,,,,,,2025-04-21 09:54:08.514
tf,NFO,79504,,,,,38.20,-59.94,,1745209449,,,,49.69,6786225,,,,,825,825,2025-04-21 09:54:08.868
tf,NFO,79504,,,,,,,,1745209450,,,,,,,,38.30,38.40,1050,150,2025-04-21 09:54:10.471
tf,NFO,79504,,,,,38.30,-59.83,,1745209451,,,,,,,,,,,,2025-04-21 09:54:10.915
tf,NFO,79504,,,,,38.20,-59.94,,1745209451,,,,,,,,,,,,2025-04-21 09:54:11.517
tf,NFO,79504,,,,,,,,1745209452,,,,,6787575,,,38.25,38.35,600,600,2025-04-21 09:54:12.278
tf,NFO,79504,,,,,38.30,-59.83,,1745209453,,,,,,,,,,,,2025-04-21 09:54:12.931
tf,NFO,79504,,,,,38.15,-59.99,,1745209454,,,,,6788325,,,38.30,38.40,2475,300,2025-04-21 09:54:13.903
tf,NFO,79504,,,,,38.30,-59.83,,1745209454,,,,,,,,,,,,2025-04-21 09:54:14.516
tf,NFO,79504,,,,,38.20,-59.94,,1745209455,,,,,6788475,,,38.00,38.10,600,1275,2025-04-21 09:54:15.476
tf,NFO,79504,,,,,38.10,-60.04,,1745209455,,,,,,,,,,,,2025-04-21 09:54:15.518
tf,NFO,79504,,,,,37.55,-60.62,,1745209456,,,,,,,,,,,,2025-04-21 09:54:16.572
tf,NFO,79504,,,,,,,,1745209457,,,,,6789225,,,37.75,37.90,1125,2475,2025-04-21 09:54:17.302
tf,NFO,79504,,,,,37.75,-60.41,,1745209458,,,,,,,,,,,,2025-04-21 09:54:17.767
tf,NFO,79504,,,,,37.65,-60.51,,1745209458,,,,,,,,,,,,2025-04-21 09:54:18.555
tf,NFO,79504,,,,,,,,1745209459,,,,,6791025,,,37.65,37.75,1950,225,2025-04-21 09:54:18.892
tf,NFO,79504,,,,,37.25,-60.93,,1745209459,,,,,,,,,,,,2025-04-21 09:54:20.072
tf,NFO,79504,,,,,37.15,-61.04,,1745209460,,,,49.68,6794775,,,37.10,37.20,2325,450,2025-04-21 09:54:20.583
tf,NFO,79504,,,,,36.90,-61.30,,1745209461,,,,,,,,,,,,2025-04-21 09:54:21.567
tf,NFO,79504,,,,,36.85,-61.35,,1745209462,,,,49.66,6805950,,,36.80,36.95,1875,2325,2025-04-21 09:54:22.189
tf,NFO,79504,,,,,36.75,-61.46,,1745209462,,,,,,,,,,,,2025-04-21 09:54:22.637
tf,NFO,79504,,,,,36.90,-61.30,,1745209463,,,,,,,,,,,,2025-04-21 09:54:23.559
tf,NFO,79504,,,,,36.70,-61.51,,1745209464,,,,49.65,6809775,,,36.60,36.75,,1875,2025-04-21 09:54:23.768
tf,NFO,79504,,,,,36.65,-61.56,,1745209464,,,,,,,,,,,,2025-04-21 09:54:24.617
tf,NFO,79504,,,,,36.75,-61.46,,1745209465,,,,,6810600,,,36.80,36.90,225,1725,2025-04-21 09:54:25.610
tf,NFO,79504,,,,,36.85,-61.35,,1745209466,,,,,,,,,,,,2025-04-21 09:54:26.836
tf,NFO,79504,,,,,,,,1745209467,,,,,6811125,,,36.75,36.85,,,2025-04-21 09:54:27.116
tf,NFO,79504,,,,,37.00,-61.20,,1745209467,,,,,,,,,,,,2025-04-21 09:54:27.565
tf,NFO,79504,,,,,36.95,-61.25,,1745209468,,,,,,,,,,,,2025-04-21 09:54:28.530
tf,NFO,79504,,,,,36.90,-61.30,,1745209469,,,,49.64,6813000,,,36.80,36.90,450,1200,2025-04-21 09:54:28.751
tf,NFO,79504,,,,,36.75,-61.46,,1745209469,,,,,,,,,,,,2025-04-21 09:54:29.529
tf,NFO,79504,,,,,36.85,-61.35,,1745209470,,,,,6814275,,,36.95,37.10,1125,2175,2025-04-21 09:54:30.303
tf,NFO,79504,,,,,36.80,-61.41,,1745209471,,,,,,,,,,,,2025-04-21 09:54:31.585
tf,NFO,79504,,,,,36.75,-61.46,,1745209472,,,,,6814875,,,36.80,36.95,900,3375,2025-04-21 09:54:32.100
tf,NFO,79504,,,,,37.10,-61.09,,1745209473,,,,,,,,,,,,2025-04-21 09:54:33.577
tf,NFO,79504,,,,,37.00,-61.20,,1745209474,,,,,6817200,,,36.85,,675,975,2025-04-21 09:54:33.776
tf,NFO,79504,,,,,36.75,-61.46,,1745209474,,,,,,,,,,,,2025-04-21 09:54:34.621
tf,NFO,79504,,,,,36.85,-61.35,,1745209475,,,,,6817575,,,,37.00,1875,2250,2025-04-21 09:54:35.427
tf,NFO,79504,,,,,36.75,-61.46,,1745209476,,,,,,,,,,,,2025-04-21 09:54:36.533
tf,NFO,79504,,,,,,,,1745209477,,,,,6817950,,,36.75,36.85,225,1650,2025-04-21 09:54:36.904
tf,NFO,79504,,,,,36.85,-61.35,,1745209477,,,,,,,,,,,,2025-04-21 09:54:37.544
tf,NFO,79504,,,,,36.95,-61.25,,1745209478,,,,49.63,6819600,,,36.85,36.95,1425,1050,2025-04-21 09:54:38.518
tf,NFO,79504,,,,,,,,1745209478,,,,,,1126350,,,,,,2025-04-21 09:54:38.569
tf,NFO,79504,,,,,36.45,-61.77,,1745209480,,,,,6820875,,,36.45,36.55,1725,75,2025-04-21 09:54:40.165
tf,NFO,79504,,,,,36.25,-61.98,,1745209481,,,,,,,,,,,,2025-04-21 09:54:41.533
tf,NFO,79504,,,,,36.20,-62.03,,1745209482,,,,,6823275,,,36.10,36.20,1200,375,2025-04-21 09:54:41.911
tf,NFO,79504,,,,,36.50,-61.72,,1745209483,,,,49.62,6825150,,,36.30,36.45,1275,1800,2025-04-21 09:54:43.531
tf,NFO,79504,,,,,36.30,-61.93,,1745209484,,,,,,,,,,,,2025-04-21 09:54:44.547
tf,NFO,79504,,,,,36.20,-62.03,,1745209485,,,,,6826125,,,36.35,,150,1350,2025-04-21 09:54:45.147
tf,NFO,79504,,,,,36.25,-61.98,,1745209486,,,,,,,,,,,,2025-04-21 09:54:46.687
tf,NFO,79504,,,,,,,,1745209487,,,,,6827550,,,36.40,36.55,1650,1425,2025-04-21 09:54:46.941
tf,NFO,79504,,,,,36.40,-61.82,,1745209487,,,,,,,,,,,,2025-04-21 09:54:47.618
tf,NFO,79504,,,,,36.10,-62.14,,1745209488,,,,49.59,6840225,,,35.95,36.05,450,1575,2025-04-21 09:54:48.526
tf,NFO,79504,,,,,35.95,-62.30,,1745209489,,,,,,,,,,,,2025-04-21 09:54:49.543
tf,NFO,79504,,,,,,,,1745209490,,,,49.58,6843975,,,,36.10,2850,1950,2025-04-21 09:54:50.152
tf,NFO,79504,,,,,36.40,-61.82,,1745209491,,,,,,,,,,,,2025-04-21 09:54:51.537
tf,NFO,79504,,,,,,,,1745209492,,,,,6846075,,,36.40,36.55,1425,2250,2025-04-21 09:54:52.002
tf,NFO,79504,,,,,36.05,-62.19,,1745209492,,,,,,,,,,,,2025-04-21 09:54:52.537
tf,NFO,79504,,,,,35.75,-62.51,,1745209493,,,,49.57,6850125,,,35.80,35.90,150,1950,2025-04-21 09:54:53.545
tf,NFO,79504,,,,,35.65,-62.61,,1745209494,,,,,,,,,,,,2025-04-21 09:54:54.538
tf,NFO,79504,,,,,35.70,-62.56,,1745209495,,,,,6851775,,,35.85,35.95,1350,900,2025-04-21 09:54:55.161
tf,NFO,79504,,,,,35.80,-62.45,,1745209495,,,,,,,,,,,,2025-04-21 09:54:55.538
tf,NFO,79504,,,,,35.70,-62.56,,1745209496,,,,,,,,,,,,2025-04-21 09:54:56.540
tf,NFO,79504,,,,,35.80,-62.45,,1745209497,,,,49.56,6854025,,,35.80,,1800,1950,2025-04-21 09:54:56.941
tf,NFO,79504,,,,,36.15,-62.09,,1745209497,,,,,,,,,,,,2025-04-21 09:54:57.636
tf,NFO,79504,,,,,36.05,-62.19,,1745209498,,,,,6856800,,,35.95,36.10,2100,2550,2025-04-21 09:54:58.855
tf,NFO,79504,,,,,35.40,-62.87,,1745209499,,,,,,,,,,,,2025-04-21 09:54:59.800
tf,NFO,79504,,,,,35.65,-62.61,,1745209500,,,,49.55,6859950,,,35.60,35.70,750,900,2025-04-21 09:55:00.245
tf,NFO,79504,,,,,35.45,-62.82,,1745209500,,,,,,,,,,,,2025-04-21 09:55:00.607
tf,NFO,79504,,,,,35.65,-62.61,,1745209501,,,,,,,,,,,,2025-04-21 09:55:01.542
tf,NFO,79504,,,,,35.80,-62.45,,1745209502,,,,49.54,6865050,,,35.70,35.85,2775,1275,2025-04-21 09:55:01.940
tf,NFO,79504,,,,,36.20,-62.03,,1745209502,,,,,,,,,,,,2025-04-21 09:55:02.550
tf,NFO,79504,,,,,35.90,-62.35,,1745209503,,,,,,,,,,,,2025-04-21 09:55:03.544
tf,NFO,79504,,,,,,,,1745209503,,,,,6866475,,,35.85,36.00,1725,1575,2025-04-21 09:55:03.571
tf,NFO,79504,,,,,35.65,-62.61,,1745209504,,,,,,,,,,,,2025-04-21 09:55:04.547
tf,NFO,79504,,,,,35.55,-62.72,,1745209505,,,,49.53,6871950,,,35.55,35.70,2700,1425,2025-04-21 09:55:05.196
tf,NFO,79504,,,,,35.35,-62.93,,1745209507,,,,49.52,6874950,,,35.25,35.40,2925,1575,2025-04-21 09:55:06.956
tf,NFO,79504,,,,,35.40,-62.87,,1745209507,,,,,,,,,,,,2025-04-21 09:55:07.590
tf,NFO,79504,,,,,35.15,-63.14,,1745209508,,,,,,,,,,,,2025-04-21 09:55:08.701
tf,NFO,79504,,,,,,,,1745209508,,,,,6878250,,,35.10,35.20,2700,525,2025-04-21 09:55:08.703
tf,NFO,79504,,,,,35.10,-63.19,,1745209510,,,35.00,49.49,6888900,,,35.00,35.10,1575,825,2025-04-21 09:55:10.180
tf,NFO,79504,,,,,35.00,-63.29,,1745209510,,,,,,,,,,,,2025-04-21 09:55:10.549
tf,NFO,79504,,,,,34.65,-63.66,,1745209511,,,,,,,,,,,,2025-04-21 09:55:11.570
tf,NFO,79504,,,,,34.55,-63.77,,1745209512,,,34.40,49.47,6899625,,,34.45,34.55,,150,2025-04-21 09:55:12.078
tf,NFO,79504,,,,,,,,1745209513,,,,49.46,6903000,,,34.35,34.50,2175,1875,2025-04-21 09:55:13.589
tf,NFO,79504,,,,,34.35,-63.97,,1745209514,,,,,,,,,,,,2025-04-21 09:55:14.554
tf,NFO,79504,,,,,33.90,-64.45,,1745209515,,,33.85,49.45,6906750,,,33.90,34.00,750,1800,2025-04-21 09:55:15.164
tf,NFO,79504,,,,,33.80,-64.55,,1745209515,,,,,,,,,,,,2025-04-21 09:55:15.554
tf,NFO,79504,,,,,33.65,-64.71,,1745209516,,,,,,,,,,,,2025-04-21 09:55:16.567
tf,NFO,79504,,,,,32.60,-65.81,,1745209517,,,32.45,49.38,6937800,,,32.45,32.60,975,300,2025-04-21 09:55:16.967
tf,NFO,79504,,,,,32.50,-65.92,,1745209518,,,,,,,,,,,,2025-04-21 09:55:17.754
tf,NFO,79504,,,,,32.25,-66.18,,1745209518,,,32.15,49.36,6947175,,,32.25,32.35,75,1275,2025-04-21 09:55:18.704
tf,NFO,79504,,,,,32.20,-66.23,,1745209519,,,,,,,,,,,,2025-04-21 09:55:18.796
tf,NFO,79504,,,,,32.00,-66.44,,1745209519,,,,,,,,,,,,2025-04-21 09:55:19.864
tf,NFO,79504,,,,,32.45,-65.97,,1745209520,,,32.00,49.31,6965550,,,32.30,32.40,600,900,2025-04-21 09:55:20.198
tf,NFO,79504,,,,,32.25,-66.18,,1745209520,,,,,,,,,,,,2025-04-21 09:55:20.560
tf,NFO,79504,,,,,32.30,-66.12,,1745209521,,,,,,,,,,,,2025-04-21 09:55:21.571
tf,NFO,79504,,,,,32.45,-65.97,,1745209522,,,,49.29,6974550,,,32.35,32.45,1350,75,2025-04-21 09:55:21.800
tf,NFO,79504,,,,,32.65,-65.76,,1745209522,,,,,,,,,,,,2025-04-21 09:55:22.564
tf,NFO,79504,,,,,32.80,-65.60,,1745209523,,,,,,,,,,,,2025-04-21 09:55:23.580
tf,NFO,79504,,,,,,,,1745209523,,,,49.25,6990600,,,32.60,32.70,300,1575,2025-04-21 09:55:23.585
tf,NFO,79504,,,,,33.10,-65.29,,1745209525,,,,,,,,,,,,2025-04-21 09:55:24.759
tf,NFO,79504,,,,,33.15,-65.23,,1745209525,,,,49.24,6995325,,,33.15,33.25,525,900,2025-04-21 09:55:25.180
tf,NFO,79504,,,,,33.30,-65.08,,1745209525,,,,,,,,,,,,2025-04-21 09:55:25.690
tf,NFO,79504,,,,,33.20,-65.18,,1745209526,,,,,,,,,,,,2025-04-21 09:55:26.564
tf,NFO,79504,,,,,,,,1745209527,,,,49.23,6998625,,,32.95,33.05,75,975,2025-04-21 09:55:26.808
tf,NFO,79504,,,,,32.70,-65.71,,1745209527,,,,,,,,,,,,2025-04-21 09:55:27.566
tf,NFO,79504,,,,,32.25,-66.18,,1745209528,,,,,,,,,,,,2025-04-21 09:55:28.570
tf,NFO,79504,,,,,,,,1745209528,,,,49.22,7002825,,,32.35,32.45,1050,900,2025-04-21 09:55:28.596
tf,NFO,79504,,,,,32.50,-65.92,,1745209529,,,,,,,,,,,,2025-04-21 09:55:29.562
tf,NFO,79504,,,,,32.85,-65.55,,1745209530,,,,,7005750,,,32.75,32.90,450,2400,2025-04-21 09:55:30.215
tf,NFO,79504,,,,,32.75,-65.65,,1745209530,,,,,,,,,,,,2025-04-21 09:55:30.568
tf,NFO,79504,,,,,33.30,-65.08,,1745209531,,,,,,,,,,,,2025-04-21 09:55:31.601
tf,NFO,79504,,,,,,,,1745209532,,,,49.18,7021050,,,33.25,33.35,75,900,2025-04-21 09:55:31.817
tf,NFO,79504,,,,,33.40,-64.97,,1745209532,,,,,,,,,,,,2025-04-21 09:55:32.629
tf,NFO,79504,,,,,33.20,-65.18,,1745209533,,,,,,,,,,,,2025-04-21 09:55:33.569
tf,NFO,79504,,,,,,,,1745209533,,,,,7023300,,,33.10,33.20,1650,1500,2025-04-21 09:55:33.587
tf,NFO,79504,,,,,33.10,-65.29,,1745209534,,,,,,,,,,,,2025-04-21 09:55:34.568
tf,NFO,79504,,,,,33.20,-65.18,,1745209535,,,,49.17,7025700,,,33.15,33.25,1575,150,2025-04-21 09:55:35.225
tf,NFO,79504,,,,,33.35,-65.02,,1745209535,,,,,,,,,,,,2025-04-21 09:55:35.570
tf,NFO,79504,,,,,33.40,-64.97,,1745209536,,,,,,,,,,,,2025-04-21 09:55:36.597
tf,NFO,79504,,,,,33.20,-65.18,,1745209537,,,,,7026900,,,33.05,33.15,,225,2025-04-21 09:55:36.803
tf,NFO,79504,,,,,32.85,-65.55,,1745209537,,,,,,,,,,,,2025-04-21 09:55:37.569
tf,NFO,79504,,,,,33.00,-65.39,,1745209538,,,,49.16,7030950,,,32.95,33.05,1800,375,2025-04-21 09:55:38.468
tf,NFO,79504,,,,,33.10,-65.29,,1745209538,,,,,,,,,,,,2025-04-21 09:55:38.576
tf,NFO,79504,,,,,33.05,-65.34,,1745209539,,,,,,,,,,,,2025-04-21 09:55:39.579
tf,NFO,79504,,,,,33.20,-65.18,,1745209540,,,,,7032300,,,33.05,33.20,2175,1725,2025-04-21 09:55:40.206
tf,NFO,79504,,,,,33.15,-65.23,,1745209540,,,,,,,,,,,,2025-04-21 09:55:40.582
tf,NFO,79504,,,,,32.95,-65.44,,1745209541,,,,,,,,,,,,2025-04-21 09:55:41.606
tf,NFO,79504,,,,,,,,1745209542,,,,49.15,7034850,,,33.10,,2250,225,2025-04-21 09:55:41.847
tf,NFO,79504,,,,,33.00,-65.39,,1745209542,,,,,,,,,,,,2025-04-21 09:55:42.572
tf,NFO,79504,,,,,33.10,-65.29,,1745209543,,,,,7035525,,,33.05,33.15,600,1725,2025-04-21 09:55:43.422
tf,NFO,79504,,,,,33.15,-65.23,,1745209543,,,,,,,,,,,,2025-04-21 09:55:43.584
tf,NFO,79504,,,,,33.10,-65.29,,1745209544,,,,,,,,,,,,2025-04-21 09:55:44.571
tf,NFO,79504,,,,,33.30,-65.08,,1745209545,,,,,7036800,,,33.20,33.35,1500,2025,2025-04-21 09:55:45.255
tf,NFO,79504,,,,,33.50,-64.87,,1745209546,,,,,,,,,,,,2025-04-21 09:55:46.572
tf,NFO,79504,,,,,33.45,-64.92,,1745209547,,,,49.14,7038150,,,33.45,33.55,1875,375,2025-04-21 09:55:46.814
tf,NFO,79504,,,,,33.35,-65.02,,1745209547,,,,,,,,,,,,2025-04-21 09:55:47.578
tf,NFO,79504,,,,,33.45,-64.92,,1745209548,,,,,7040325,,,33.05,33.15,1275,1275,2025-04-21 09:55:48.415
tf,NFO,79504,,,,,33.15,-65.23,,1745209548,,,,,,,,,,,,2025-04-21 09:55:48.573
tf,NFO,79504,,,,,33.05,-65.34,,1745209549,,,,,,,,,,,,2025-04-21 09:55:49.578
tf,NFO,79504,,,,,33.10,-65.29,,1745209550,,,,,7040775,,,33.00,33.10,2325,225,2025-04-21 09:55:50.216
tf,NFO,79504,,,,,33.20,-65.18,,1745209552,,,,,7041150,,,33.10,33.20,675,1200,2025-04-21 09:55:51.892
tf,NFO,79504,,,,,33.40,-64.97,,1745209552,,,,,,,,,,,,2025-04-21 09:55:52.664
tf,NFO,79504,,,,,33.75,-64.60,,1745209553,,,,49.13,7045200,,,33.55,33.65,1425,450,2025-04-21 09:55:53.430
tf,NFO,79504,,,,,33.60,-64.76,,1745209554,,,,,,,,,,,,2025-04-21 09:55:53.790
tf,NFO,79504,,,,,33.55,-64.81,,1745209555,,,,49.12,7047600,,,33.50,33.60,300,1125,2025-04-21 09:55:55.232
tf,NFO,79504,,,,,33.50,-64.87,,1745209555,,,,,,,,,,,,2025-04-21 09:55:55.580
tf,NFO,79504,,,,,33.75,-64.60,,1745209556,,,,,,,,,,,,2025-04-21 09:55:56.592
tf,NFO,79504,,,,,33.70,-64.66,,1745209557,,,,,7048350,,,33.65,33.80,1500,3150,2025-04-21 09:55:56.833
tf,NFO,79504,,,,,33.60,-64.76,,1745209557,,,,,,,,,,,,2025-04-21 09:55:57.579
tf,NFO,79504,,,,,33.80,-64.55,,1745209558,,,,49.10,7057875,,,33.75,33.85,2325,150,2025-04-21 09:55:58.538
tf,NFO,79504,,,,,33.90,-64.45,,1745209558,,,,,,,,,,,,2025-04-21 09:55:58.619
tf,NFO,79504,,,,,34.20,-64.13,,1745209559,,,,,,,,,,,,2025-04-21 09:55:59.596
tf,NFO,79504,,,,,34.40,-63.92,,1745209560,,,,49.07,7069950,,,34.30,34.40,825,600,2025-04-21 09:56:00.235
tf,NFO,79504,,,,,34.25,-64.08,,1745209560,,,,,,,,,,,,2025-04-21 09:56:00.586
tf,NFO,79504,,,,,34.35,-63.97,,1745209561,,,,,,,,,,,,2025-04-21 09:56:01.586
tf,NFO,79504,,,,,34.25,-64.08,,1745209562,,,,49.06,7078725,,,,34.35,75,375,2025-04-21 09:56:01.863
tf,NFO,79504,,,,,34.40,-63.92,,1745209562,,,,,,,,,,,,2025-04-21 09:56:02.584
tf,NFO,79504,,,,,34.35,-63.97,,1745209563,,,,49.05,7079550,,,34.25,,1800,675,2025-04-21 09:56:03.459
tf,NFO,79504,,,,,34.50,-63.82,,1745209564,,,,,,,,,,,,2025-04-21 09:56:04.588
tf,NFO,79504,,,,,34.40,-63.92,,1745209565,,,,49.04,7084350,,,34.35,34.45,1575,525,2025-04-21 09:56:05.288
tf,NFO,79504,,,,,34.50,-63.82,,1745209565,,,,,,,,,,,,2025-04-21 09:56:05.605
tf,NFO,79504,,,,,34.40,-63.92,,1745209567,,,,49.03,7089300,,,,,,1200,2025-04-21 09:56:06.843
tf,NFO,79504,,,,,34.30,-64.03,,1745209567,,,,,,,,,,,,2025-04-21 09:56:07.586
tf,NFO,79504,,,,,34.00,-64.34,,1745209568,,,,,7092300,,,34.00,34.10,1950,75,2025-04-21 09:56:08.460
tf,NFO,79504,,,,,34.10,-64.24,,1745209568,,,,,,,,,,,,2025-04-21 09:56:08.594
tf,NFO,79504,,,,,34.80,-63.50,,1745209569,,,,,,,,,,,,2025-04-21 09:56:09.585
tf,NFO,79504,,,,,34.85,-63.45,,1745209570,,,,48.99,7109100,,,34.80,34.90,1725,750,2025-04-21 09:56:10.247
tf,NFO,79504,,,,,34.80,-63.50,,1745209571,,,,,,,,,,,,2025-04-21 09:56:10.784
tf,NFO,79504,,,,,34.70,-63.61,,1745209571,,,,,,,,,,,,2025-04-21 09:56:11.614
tf,NFO,79504,,,,,,,,1745209572,,,,,7111575,,,34.55,34.70,1350,2175,2025-04-21 09:56:11.880
tf,NFO,79504,,,,,34.65,-63.66,,1745209573,,,,48.98,7113450,,,,34.65,,1275,2025-04-21 09:56:13.551
tf,NFO,79504,,,,,34.40,-63.92,,1745209574,,,,,,,,,,,,2025-04-21 09:56:14.590
tf,NFO,79504,,,,,34.45,-63.87,,1745209575,,,,,7114875,,,34.20,34.35,1650,2325,2025-04-21 09:56:15.260
tf,NFO,79504,,,,,34.55,-63.77,,1745209576,,,,,,,,,,,,2025-04-21 09:56:16.593
tf,NFO,79504,,,,,34.60,-63.71,,1745209577,,,,,7115250,,,34.55,34.65,1200,1350,2025-04-21 09:56:16.873
tf,NFO,79504,,,,,34.40,-63.92,,1745209578,,,,48.97,7121475,,,34.30,34.40,1725,600,2025-04-21 09:56:18.511
tf,NFO,79504,,,,,34.65,-63.66,,1745209579,,,,,,,,,,,,2025-04-21 09:56:19.594
tf,NFO,79504,,,,,34.60,-63.71,,1745209580,,,,,7122300,,,34.55,34.65,150,1800,2025-04-21 09:56:20.265
tf,NFO,79504,,,,,34.65,-63.66,,1745209580,,,,,,,,,,,,2025-04-21 09:56:20.591
tf,NFO,79504,,,,,34.80,-63.50,,1745209581,,,,,,,,,,,,2025-04-21 09:56:21.594
tf,NFO,79504,,,,,,,,1745209582,,,,48.96,7123725,,,34.90,34.95,750,75,2025-04-21 09:56:21.868
tf,NFO,79504,,,,,34.95,-63.35,,1745209582,,,,,,,,,,,,2025-04-21 09:56:22.597
tf,NFO,79504,,,,,35.20,-63.08,,1745209583,,,,,7125525,,,35.20,35.30,1575,750,2025-04-21 09:56:23.470
tf,NFO,79504,,,,,35.25,-63.03,,1745209583,,,,,,,,,,,,2025-04-21 09:56:23.595
tf,NFO,79504,,,,,35.00,-63.29,,1745209584,,,,,,,,,,,,2025-04-21 09:56:24.602
tf,NFO,79504,,,,,35.05,-63.24,,1745209585,,,,48.95,7128375,,,35.10,35.25,2175,2175,2025-04-21 09:56:25.278
tf,NFO,79504,,,,,35.10,-63.19,,1745209585,,,,,,,,,,,,2025-04-21 09:56:25.638
tf,NFO,79504,,,,,35.25,-63.03,,1745209586,,,,,,,,,,,,2025-04-21 09:56:26.597
tf,NFO,79504,,,,,35.35,-62.93,,1745209587,,,,48.94,7134000,,,35.30,35.40,1875,225,2025-04-21 09:56:26.874
tf,NFO,79504,,,,,35.60,-62.66,,1745209587,,,,,,,,,,,,2025-04-21 09:56:27.610
tf,NFO,79504,,,,,35.40,-62.87,,1745209588,,,,48.93,7140900,,,,,225,1125,2025-04-21 09:56:28.483
tf,NFO,79504,,,,,35.30,-62.98,,1745209588,,,,,,,,,,,,2025-04-21 09:56:28.605
tf,NFO,79504,,,,,35.05,-63.24,,1745209589,,,,,,,,,,,,2025-04-21 09:56:29.601
tf,NFO,79504,,,,,35.20,-63.08,,1745209590,,,,,7143225,,,35.15,35.25,1875,150,2025-04-21 09:56:30.278
tf,NFO,79504,,,,,34.80,-63.50,,1745209591,,,,,,,,,,,,2025-04-21 09:56:31.628
tf,NFO,79504,,,,,,,,1745209592,,,,48.92,7143825,,,34.65,34.75,375,1125,2025-04-21 09:56:31.960
tf,NFO,79504,,,,,34.70,-63.61,,1745209592,,,,,,,,,,,,2025-04-21 09:56:32.610
tf,NFO,79504,,,,,34.90,-63.40,,1745209593,,,,,7145925,,,34.90,35.00,900,1275,2025-04-21 09:56:33.495
tf,NFO,79504,,,,,34.85,-63.45,,1745209594,,,,,,,,,,,,2025-04-21 09:56:34.603
tf,NFO,79504,,,,,34.65,-63.66,,1745209595,,,,48.91,7149450,,,34.55,34.70,2100,1800,2025-04-21 09:56:35.288
tf,NFO,79504,,,,,34.75,-63.56,,1745209595,,,,,,,,,,,,2025-04-21 09:56:35.609
tf,NFO,79504,,,,,34.65,-63.66,,1745209596,,,,,,,,,,,,2025-04-21 09:56:36.606
tf,NFO,79504,,,,,,,,1745209597,,,,,7149900,,,34.45,34.55,3075,150,2025-04-21 09:56:36.890
tf,NFO,79504,,,,,34.55,-63.77,,1745209597,,,,,,,,,,,,2025-04-21 09:56:37.606
tf,NFO,79504,,,,,34.35,-63.97,,1745209598,,,,,7152000,,,34.30,34.40,1350,1050,2025-04-21 09:56:38.568
tf,NFO,79504,,,,,34.30,-64.03,,1745209598,,,,,,,,,,,,2025-04-21 09:56:38.604
tf,NFO,79504,,,,,34.60,-63.71,,1745209599,,,,,,,,,,,,2025-04-21 09:56:39.615
tf,NFO,79504,,,,,,,,1745209600,,,,48.90,7156350,,,34.25,34.35,2175,450,2025-04-21 09:56:40.099
tf,NFO,79504,,,,,34.35,-63.97,,1745209600,,,,,,,,,,,,2025-04-21 09:56:40.617
tf,NFO,79504,,,,,34.10,-64.24,,1745209601,,,,,,,,,,,,2025-04-21 09:56:41.606
tf,NFO,79504,,,,,34.25,-64.08,,1745209602,,,,48.89,7159575,,,34.15,34.25,300,1950,2025-04-21 09:56:41.900
tf,NFO,79504,,,,,34.35,-63.97,,1745209602,,,,,,,,,,,,2025-04-21 09:56:42.634
tf,NFO,79504,,,,,34.15,-64.18,,1745209603,,,,,7163175,,,34.25,34.35,1650,1650,2025-04-21 09:56:43.507
tf,NFO,79504,,,,,34.25,-64.08,,1745209604,,,,,,,,,,,,2025-04-21 09:56:44.624
tf,NFO,79504,,,,,33.90,-64.45,,1745209605,,,,48.87,7169775,,,33.85,33.90,675,75,2025-04-21 09:56:45.112
tf,NFO,79504,,,,,34.05,-64.29,,1745209605,,,,,,,,,,,,2025-04-21 09:56:45.708
tf,NFO,79504,,,,,33.95,-64.39,,1745209606,,,,,,,,,,,,2025-04-21 09:56:46.704
tf,NFO,79504,,,,,34.10,-64.24,,1745209607,,,,48.85,7179000,,,33.90,34.05,2325,1650,2025-04-21 09:56:46.904
tf,NFO,79504,,,,,33.90,-64.45,,1745209607,,,,,,,,,,,,2025-04-21 09:56:47.756
tf,NFO,79504,,,,,34.05,-64.29,,1745209608,,,,,7181550,,,34.05,34.15,1500,525,2025-04-21 09:56:48.535
tf,NFO,79504,,,,,34.45,-63.87,,1745209609,,,,,,,,,,,,2025-04-21 09:56:49.644
tf,NFO,79504,,,,,,,,1745209610,,,,48.84,7183050,,,34.40,34.50,2625,1725,2025-04-21 09:56:50.120
tf,NFO,79504,,,,,34.00,-64.34,,1745209610,,,,,,,,,,,,2025-04-21 09:56:50.621
tf,NFO,79504,,,,,34.05,-64.29,,1745209611,,,,,,,,,,,,2025-04-21 09:56:52.284
tf,NFO,79504,,,,,34.20,-64.13,,1745209612,,,,,7184475,,,34.05,34.15,2325,1875,2025-04-21 09:56:52.295
tf,NFO,79504,,,,,34.25,-64.08,,1745209612,,,,,,,,,,,,2025-04-21 09:56:52.673
tf,NFO,79504,,,,,34.15,-64.18,,1745209613,,,,,7186425,,,34.10,34.20,525,,2025-04-21 09:56:53.546
tf,NFO,79504,,,,,34.20,-64.13,,1745209614,,,,,,,,,,,,2025-04-21 09:56:54.618
tf,NFO,79504,,,,,,,,1745209615,,,,48.83,7187850,,,34.15,34.25,450,1350,2025-04-21 09:56:55.131
tf,NFO,79504,,,,,34.10,-64.24,,1745209616,,,,,,,,,,,,2025-04-21 09:56:56.618
tf,NFO,79504,,,,,34.20,-64.13,,1745209617,,,,,7188900,,,34.10,34.20,2250,1200,2025-04-21 09:56:56.923
tf,NFO,79504,,,,,34.05,-64.29,,1745209617,,,,,,,,,,,,2025-04-21 09:56:57.616
tf,NFO,79504,,,,,,,,1745209618,,,,,7189050,,,34.00,34.10,1125,1875,2025-04-21 09:56:58.638
tf,NFO,79504,,,,,34.10,-64.24,,1745209619,,,,,,,,,,,,2025-04-21 09:56:59.618
tf,NFO,79504,,,,,33.85,-64.50,,1745209620,,,,,7190625,,,33.80,33.90,2250,375,2025-04-21 09:57:00.139
tf,NFO,79504,,,,,33.70,-64.66,,1745209621,,,,,,,,,,,,2025-04-21 09:57:01.625
tf,NFO,79504,,,,,33.50,-64.87,,1745209622,,,,,7191450,,,33.50,33.60,1650,1200,2025-04-21 09:57:01.934
tf,NFO,79504,,,,,33.65,-64.71,,1745209622,,,,,,,,,,,,2025-04-21 09:57:02.628
tf,NFO,79504,,,,,,,,1745209623,,,,,7192125,,,33.55,33.70,2025,2100,2025-04-21 09:57:03.544
tf,NFO,79504,,,,,33.85,-64.50,,1745209624,,,,,,,,,,,,2025-04-21 09:57:04.721
tf,NFO,79504,,,,,33.75,-64.60,,1745209625,,,,48.82,7194675,,,33.75,33.85,2175,1125,2025-04-21 09:57:05.161
tf,NFO,79504,,,,,33.90,-64.45,,1745209626,,,,,,,,,,,,2025-04-21 09:57:06.626
tf,NFO,79504,,,,,33.80,-64.55,,1745209627,,,,,7195650,,,33.85,33.95,1350,825,2025-04-21 09:57:06.946
tf,NFO,79504,,,,,33.90,-64.45,,1745209627,,,,,,,,,,,,2025-04-21 09:57:07.650
tf,NFO,79504,,,,,,,,1745209628,,,,,7196100,,,33.80,33.90,2175,225,2025-04-21 09:57:08.552
tf,NFO,79504,,,,,33.85,-64.50,,1745209628,,,,,,,,,,,,2025-04-21 09:57:08.629
tf,NFO,79504,,,,,33.80,-64.55,,1745209629,,,,,,,,,,,,2025-04-21 09:57:09.630
tf,NFO,79504,,,,,,,,1745209630,,,,,7197075,,,33.70,33.80,675,2025,2025-04-21 09:57:10.180
tf,NFO,79504,,,,,33.60,-64.76,,1745209630,,,,,,,,,,,,2025-04-21 09:57:10.628
tf,NFO,79504,,,,,33.55,-64.81,,1745209631,,,,,,,,,,,,2025-04-21 09:57:11.652
tf,NFO,79504,,,,,33.60,-64.76,,1745209632,,,,48.81,7198650,,,33.50,33.60,1275,1800,2025-04-21 09:57:11.961
tf,NFO,79504,,,,,,,,1745209633,,,,,7199175,,,33.55,33.65,450,1425,2025-04-21 09:57:13.550
tf,NFO,79504,,,,,33.45,-64.92,,1745209634,,,,,,,,,,,,2025-04-21 09:57:14.638
tf,NFO,79504,,,,,33.30,-65.08,,1745209635,,,,,7200075,,,33.20,33.30,750,1350,2025-04-21 09:57:15.158
tf,NFO,79504,,,,,33.35,-65.02,,1745209635,,,,,,,,,,,,2025-04-21 09:57:15.634
tf,NFO,79504,,,,,33.80,-64.55,,1745209636,,,,,,,,,,,,2025-04-21 09:57:16.644
tf,NFO,79504,,,,,,,,1745209637,,,,,7200900,,,33.65,33.75,1425,1275,2025-04-21 09:57:16.951
tf,NFO,79504,,,,,33.85,-64.50,,1745209637,,,,,,,,,,,,2025-04-21 09:57:17.655
tf,NFO,79504,,,,,33.80,-64.55,,1745209638,,,,,7201725,,,33.75,33.85,1800,375,2025-04-21 09:57:18.676
tf,NFO,79504,,,,,33.85,-64.50,,1745209638,,,,,,,,,,,,2025-04-21 09:57:18.678
tf,NFO,79504,,,,,33.90,-64.45,,1745209639,,,,,,,,,,,,2025-04-21 09:57:19.679
tf,NFO,79504,,,,,,,,1745209640,,,,48.80,7202700,,,33.70,33.80,900,1575,2025-04-21 09:57:20.164
tf,NFO,79504,,,,,33.70,-64.66,,1745209640,,,,,,,,,,,,2025-04-21 09:57:20.711
tf,NFO,79504,,,,,33.65,-64.71,,1745209641,,,,,,,,,,,,2025-04-21 09:57:21.641
tf,NFO,79504,,,,,33.70,-64.66,,1745209642,,,,,7203525,,,33.60,33.70,600,1800,2025-04-21 09:57:21.958
tf,NFO,79504,,,,,33.50,-64.87,,1745209643,,,,,7203900,,,33.35,33.45,2250,300,2025-04-21 09:57:23.588
tf,NFO,79504,,,,,33.30,-65.08,,1745209644,,,,,,,,,,,,2025-04-21 09:57:24.641
tf,NFO,79504,,,,,33.40,-64.97,,1745209645,,,,,7204275,,,33.40,33.50,1650,75,2025-04-21 09:57:25.236
tf,NFO,79504,,,,,33.60,-64.76,,1745209645,,,,,,,,,,,,2025-04-21 09:57:25.655
tf,NFO,79504,,,,,33.50,-64.87,,1745209646,,,,,,,,,,,,2025-04-21 09:57:26.642
tf,NFO,79504,,,,,,,,1745209647,,,,,7205175,,,33.25,33.35,675,1425,2025-04-21 09:57:26.965
tf,NFO,79504,,,,,33.30,-65.08,,1745209647,,,,,,,,,,,,2025-04-21 09:57:27.645
tf,NFO,79504,,,,,33.40,-64.97,,1745209648,,,,,7206525,,,33.40,33.50,1050,1200,2025-04-21 09:57:28.588
tf,NFO,79504,,,,,33.50,-64.87,,1745209650,,,,,,,,,,,,2025-04-21 09:57:29.646
tf,NFO,79504,,,,,33.55,-64.81,,1745209650,,,,48.79,7208250,,,,,150,1650,2025-04-21 09:57:30.182
tf,NFO,79504,,,,,33.45,-64.92,,1745209652,,,,,,,,,,,,2025-04-21 09:57:31.728
tf,NFO,79504,,,,,,,,1745209652,,,,,7209300,,,33.35,33.45,75,,2025-04-21 09:57:31.975
tf,NFO,79504,,,,,33.35,-65.02,,1745209653,,,,,,,,,,,,2025-04-21 09:57:32.655
tf,NFO,79504,,,,,33.40,-64.97,,1745209653,,,,,7209675,,,33.45,33.55,1650,225,2025-04-21 09:57:33.581
tf,NFO,79504,,,,,33.45,-64.92,,1745209655,,,,,,,,,,,,2025-04-21 09:57:34.650
tf,NFO,79504,,,,,,,,1745209655,,,,,7210350,,,33.35,33.45,825,825,2025-04-21 09:57:35.189
tf,NFO,79504,,,,,33.35,-65.02,,1745209656,,,,,,,,,,,,2025-04-21 09:57:35.645
tf,NFO,79504,,,,,33.30,-65.08,,1745209657,,,,,,,,,,,,2025-04-21 09:57:36.657
tf,NFO,79504,,,,,,,,1745209657,,,,,7210725,,,33.30,33.40,1650,675,2025-04-21 09:57:36.980
tf,NFO,79504,,,,,33.45,-64.92,,1745209658,,,,,,,,,,,,2025-04-21 09:57:37.646
tf,NFO,79504,,,,,33.20,-65.18,,1745209658,,,,,7211100,,,33.15,33.25,,375,2025-04-21 09:57:38.603
tf,NFO,79504,,,,,33.30,-65.08,,1745209660,,,,,,1128225,,,,,,2025-04-21 09:57:39.647
tf,NFO,79504,,,,,33.20,-65.18,,1745209660,,,,,7211250,,,33.35,33.45,525,900,2025-04-21 09:57:40.196
tf,NFO,79504,,,,,33.25,-65.13,,1745209661,,,,,,,,,,,,2025-04-21 09:57:40.649
tf,NFO,79504,,,,,33.35,-65.02,,1745209662,,,,,,,,,,,,2025-04-21 09:57:41.650
tf,NFO,79504,,,,,,,,1745209662,,,,48.78,7213425,,,33.25,33.40,1650,2250,2025-04-21 09:57:41.988
tf,NFO,79504,,,,,33.25,-65.13,,1745209663,,,,,,,,,,,,2025-04-21 09:57:42.680
tf,NFO,79504,,,,,,,,1745209663,,,,,7214400,,,33.20,33.25,225,75,2025-04-21 09:57:43.600
tf,NFO,79504,,,,,33.30,-65.08,,1745209665,,,,,,,,,,,,2025-04-21 09:57:44.697
tf,NFO,79504,,,,,33.20,-65.18,,1745209665,,,,,7215675,,,33.25,33.35,1125,1125,2025-04-21 09:57:45.342
tf,NFO,79504,,,,,33.30,-65.08,,1745209666,,,,,,,,,,,,2025-04-21 09:57:45.725
tf,NFO,79504,,,,,33.15,-65.23,,1745209667,,,,,,,,,,,,2025-04-21 09:57:46.657
tf,NFO,79504,,,,,33.10,-65.29,,1745209667,,,,48.77,7218075,,,33.00,33.10,1500,975,2025-04-21 09:57:47.000
tf,NFO,79504,,,,,33.15,-65.23,,1745209668,,,,,,,,,,,,2025-04-21 09:57:47.652
tf,NFO,79504,,,,,33.60,-64.76,,1745209668,,,,,7219800,,,33.70,33.80,1125,525,2025-04-21 09:57:48.602
tf,NFO,79504,,,,,33.80,-64.55,,1745209670,,,,,,,,,,,,2025-04-21 09:57:49.658
tf,NFO,79504,,,,,,,,1745209670,,,,48.76,7221600,,,33.75,33.85,450,1050,2025-04-21 09:57:50.212
tf,NFO,79504,,,,,34.10,-64.24,,1745209672,,,,,,,,,,,,2025-04-21 09:57:51.677
tf,NFO,79504,,,,,,,,1745209672,,,,,7223400,,,34.00,34.10,2025,75,2025-04-21 09:57:52.035
tf,NFO,79504,,,,,34.50,-63.82,,1745209673,,,,48.75,7229850,,,34.35,34.50,1875,1875,2025-04-21 09:57:53.896
tf,NFO,79504,,,,,34.30,-64.03,,1745209675,,,,,,,,,,,,2025-04-21 09:57:54.815
tf,NFO,79504,,,,,,,,1745209675,,,,48.74,7230675,,,34.25,34.35,150,2925,2025-04-21 09:57:55.222
tf,NFO,79504,,,,,34.20,-64.13,,1745209676,,,,,,,,,,,,2025-04-21 09:57:55.652
tf,NFO,79504,,,,,34.30,-64.03,,1745209677,,,,,,,,,,,,2025-04-21 09:57:56.677
tf,NFO,79504,,,,,,,,1745209677,,,,,7234500,,,,34.40,1500,3000,2025-04-21 09:57:57.014
tf,NFO,79504,,,,,34.25,-64.08,,1745209678,,,,,,,,,,,,2025-04-21 09:57:57.652
tf,NFO,79504,,,,,34.45,-63.87,,1745209678,,,,,7234800,,,34.30,,1050,1350,2025-04-21 09:57:58.670
tf,NFO,79504,,,,,34.00,-64.34,,1745209680,,,,,,,,,,,,2025-04-21 09:57:59.656
tf,NFO,79504,,,,,33.95,-64.39,,1745209680,,,,48.73,7238325,,,34.00,34.10,900,2025,2025-04-21 09:58:00.222
tf,NFO,79504,,,,,34.10,-64.24,,1745209681,,,,,,,,,,,,2025-04-21 09:58:00.678
tf,NFO,79504,,,,,34.05,-64.29,,1745209682,,,,48.72,7243650,,,34.05,,825,150,2025-04-21 09:58:02.019
tf,NFO,79504,,,,,34.10,-64.24,,1745209683,,,,,,,,,,,,2025-04-21 09:58:02.673
tf,NFO,79504,,,,,33.90,-64.45,,1745209683,,,,48.69,7256325,,,33.80,33.90,225,1800,2025-04-21 09:58:03.638
tf,NFO,79504,,,,,33.75,-64.60,,1745209685,,,,,,,,,,,,2025-04-21 09:58:04.732
tf,NFO,79504,,,,,33.80,-64.55,,1745209685,,,,48.67,7269600,,,33.75,33.85,1725,1200,2025-04-21 09:58:05.250
tf,NFO,79504,,,,,33.75,-64.60,,1745209686,,,,,,,,,,,,2025-04-21 09:58:05.860
tf,NFO,79504,,,,,33.80,-64.55,,1745209687,,,,,,,,,,,,2025-04-21 09:58:06.660
tf,NFO,79504,,,,,33.75,-64.60,,1745209687,,,,48.66,7273500,,,33.65,33.75,,1875,2025-04-21 09:58:07.028
tf,NFO,79504,,,,,33.70,-64.66,,1745209688,,,,,,,,,,,,2025-04-21 09:58:07.659
tf,NFO,79504,,,,,33.50,-64.87,,1745209688,,,,,7274250,,,33.50,33.60,975,1800,2025-04-21 09:58:08.666
tf,NFO,79504,,,,,33.35,-65.02,,1745209690,,,,48.65,7275300,,,33.35,33.45,1950,1650,2025-04-21 09:58:10.274
tf,NFO,79504,,,,,33.45,-64.92,,1745209691,,,,,,,,,,,,2025-04-21 09:58:10.674
tf,NFO,79504,,,,,33.20,-65.18,,1745209692,,,,,,,,,,,,2025-04-21 09:58:11.802
tf,NFO,79504,,,,,,,,1745209692,,,,,7276275,,,33.10,33.25,1725,3225,2025-04-21 09:58:12.105
tf,NFO,79504,,,,,33.15,-65.23,,1745209693,,,,,,,,,,,,2025-04-21 09:58:12.660
tf,NFO,79504,,,,,33.10,-65.29,,1745209694,,,,,7277850,,,33.05,33.15,2550,150,2025-04-21 09:58:13.655
tf,NFO,79504,,,,,33.15,-65.23,,1745209695,,,,,,,,,,,,2025-04-21 09:58:14.688
tf,NFO,79504,,,,,,,,1745209695,,,,48.64,7280250,,,32.95,33.05,1875,975,2025-04-21 09:58:15.271
tf,NFO,79504,,,,,33.10,-65.29,,1745209696,,,,,,,,,,,,2025-04-21 09:58:15.665
tf,NFO,79504,,,,,32.95,-65.44,,1745209697,,,,,7281075,,,32.85,32.95,1725,2775,2025-04-21 09:58:17.044
tf,NFO,79504,,,,,32.85,-65.55,,1745209698,,,,,,,,,,,,2025-04-21 09:58:18.338
tf,NFO,79504,,,,,32.95,-65.44,,1745209699,,,,,7283250,,,32.80,32.90,1575,600,2025-04-21 09:58:18.734
tf,NFO,79504,,,,,33.00,-65.39,,1745209700,,,,,,,,,,,,2025-04-21 09:58:19.677
tf,NFO,79504,,,,,,,,1745209700,,,,,7283925,,,32.95,33.05,225,1950,2025-04-21 09:58:20.252
tf,NFO,79504,,,,,33.20,-65.18,,1745209702,,,,,,,,,,,,2025-04-21 09:58:21.689
tf,NFO,79504,,,,,33.05,-65.34,,1745209702,,,,48.63,7284750,,,,,1650,1350,2025-04-21 09:58:22.052
tf,NFO,79504,,,,,33.10,-65.29,,1745209703,,,,,,,,,,,,2025-04-21 09:58:22.673
tf,NFO,79504,,,,,,,,1745209704,,,,,7286400,,,33.00,33.10,2325,150,2025-04-21 09:58:23.658
tf,NFO,79504,,,,,32.90,-65.50,,1745209705,,,,,,,,,,,,2025-04-21 09:58:24.726
