t,e,tk,ts,pp,ls,ti,lp,pc,c,ft,o,h,l,ap,v,oi,poi,bp1,sp1,bq1,sq1,received_timestamp
tk,NFO,79519,NIFTY24APR25C23950,2,75,0.05,190.80,34.89,141.45,1745209404,150.40,204.00,142.55,170.32,27961575,2510250,486075,190.65,190.95,75,75,2025-04-21 09:53:24.025
tf,NFO,79519,,,,,190.00,34.32,,1745209404,,,,,,,,,,,,2025-04-21 09:53:24.339
tf,NFO,79519,,,,,189.75,34.15,,1745209405,,,,,,,,,,,,2025-04-21 09:53:25.339
tf,NFO,79519,,,,,189.65,34.08,,1745209405,,,,170.34,27983700,,,189.65,190.10,300,750,2025-04-21 09:53:25.531
tf,NFO,79519,,,,,189.20,33.76,,1745209406,,,,,,,,,,,,2025-04-21 09:53:26.403
tf,NFO,79519,,,,,189.25,33.79,,1745209407,,,,170.35,27996975,,,189.20,189.55,75,150,2025-04-21 09:53:27.422
tf,NFO,79519,,,,,188.10,32.98,,1745209408,,,,,,,,,,,,2025-04-21 09:53:28.445
tf,NFO,79519,,,,,188.15,33.02,,1745209409,,,,170.36,28008975,,,188.10,188.60,675,1050,2025-04-21 09:53:29.097
tf,NFO,79519,,,,,188.40,33.19,,1745209409,,,,,,,,,,,,2025-04-21 09:53:29.572
tf,NFO,79519,,,,,188.70,33.40,,1745209410,,,,,,,,,,,,2025-04-21 09:53:30.345
tf,NFO,79519,,,,,188.95,33.58,,1745209410,,,,,28016850,,,189.05,189.15,75,75,2025-04-21 09:53:30.542
tf,NFO,79519,,,,,188.90,33.55,,1745209411,,,,,,,,,,,,2025-04-21 09:53:31.346
tf,NFO,79519,,,,,188.60,33.33,,1745209412,,,,,28021425,,,188.75,,225,1050,2025-04-21 09:53:32.338
tf,NFO,79519,,,,,187.80,32.77,,1745209413,,,,,,,,,,,,2025-04-21 09:53:33.376
tf,NFO,79519,,,,,187.60,32.63,,1745209414,,,,170.37,28025100,,,187.60,188.00,150,1350,2025-04-21 09:53:33.981
tf,NFO,79519,,,,,189.25,33.79,,1745209414,,,,,,,,,,,,2025-04-21 09:53:34.349
tf,NFO,79519,,,,,188.65,33.37,,1745209415,,,,,,,,,,,,2025-04-21 09:53:35.349
tf,NFO,79519,,,,,188.30,33.12,,1745209415,,,,,28029900,,,187.95,188.40,,1425,2025-04-21 09:53:35.554
tf,NFO,79519,,,,,188.80,33.47,,1745209416,,,,,,,,,,,,2025-04-21 09:53:36.350
tf,NFO,79519,,,,,188.75,33.44,,1745209417,,,,,28032825,,,189.05,189.45,75,225,2025-04-21 09:53:37.352
tf,NFO,79519,,,,,189.60,34.04,,1745209418,,,,,,,,,,,,2025-04-21 09:53:38.350
tf,NFO,79519,,,,,189.65,34.08,,1745209419,,,,,28036425,,,189.65,190.00,450,,2025-04-21 09:53:38.952
tf,NFO,79519,,,,,189.85,34.22,,1745209419,,,,,,,,,,,,2025-04-21 09:53:39.372
tf,NFO,79519,,,,,191.00,35.03,,1745209420,,,,,,,,,,,,2025-04-21 09:53:40.419
tf,NFO,79519,,,,,191.35,35.28,,1745209420,,,,170.38,28041525,,,190.95,191.35,675,150,2025-04-21 09:53:40.575
tf,NFO,79519,,,,,191.45,35.35,,1745209421,,,,,,,,,,,,2025-04-21 09:53:41.361
tf,NFO,79519,,,,,191.20,35.17,,1745209422,,,,,,,,,,,,2025-04-21 09:53:42.366
tf,NFO,79519,,,,,,,,1745209422,,,,,28049925,,,190.75,191.20,75,1275,2025-04-21 09:53:42.372
tf,NFO,79519,,,,,189.25,33.79,,1745209423,,,,,,,,,,,,2025-04-21 09:53:43.358
tf,NFO,79519,,,,,189.15,33.72,,1745209424,,,,170.39,28060275,,,188.90,189.30,375,750,2025-04-21 09:53:43.965
tf,NFO,79519,,,,,190.40,34.61,,1745209424,,,,,,,,,,,,2025-04-21 09:53:44.359
tf,NFO,79519,,,,,189.45,33.93,,1745209425,,,,,,,,,,,,2025-04-21 09:53:45.359
tf,NFO,79519,,,,,189.20,33.76,,1745209425,,,,,28064250,,,189.00,189.40,225,900,2025-04-21 09:53:45.667
tf,NFO,79519,,,,,189.50,33.97,,1745209426,,,,,,,,,,,,2025-04-21 09:53:46.484
tf,NFO,79519,,,,,190.20,34.46,,1745209427,,,,,,,,,,,,2025-04-21 09:53:47.357
tf,NFO,79519,,,,,,,,1745209427,,,,170.40,28066200,,,189.80,190.15,75,150,2025-04-21 09:53:47.362
tf,NFO,79519,,,,,190.50,34.68,,1745209428,,,,,,,,,,,,2025-04-21 09:53:48.366
tf,NFO,79519,,,,,190.00,34.32,,1745209429,,,,,28069050,,,189.60,190.00,1575,,2025-04-21 09:53:48.996
tf,NFO,79519,,,,,189.95,34.29,,1745209429,,,,,,,,,,,,2025-04-21 09:53:49.357
tf,NFO,79519,,,,,189.45,33.93,,1745209430,,,,,,,,,,,,2025-04-21 09:53:50.358
tf,NFO,79519,,,,,188.80,33.47,,1745209430,,,,,28072800,,,189.15,189.60,150,1125,2025-04-21 09:53:50.579
tf,NFO,79519,,,,,190.00,34.32,,1745209431,,,,,,,,,,,,2025-04-21 09:53:51.369
tf,NFO,79519,,,,,190.15,34.43,,1745209432,,,,,28076700,,,190.10,190.45,300,300,2025-04-21 09:53:52.261
tf,NFO,79519,,,,,189.70,34.11,,1745209432,,,,,,,,,,,,2025-04-21 09:53:52.416
tf,NFO,79519,,,,,190.10,34.39,,1745209433,,,,,,,,,,,,2025-04-21 09:53:53.430
tf,NFO,79519,,,,,189.65,34.08,,1745209434,,,,170.41,28081950,,,189.25,189.65,525,225,2025-04-21 09:53:53.977
tf,NFO,79519,,,,,189.25,33.79,,1745209434,,,,,,,,,,,,2025-04-21 09:53:54.395
tf,NFO,79519,,,,,189.00,33.62,,1745209435,,,,,,,,,,,,2025-04-21 09:53:55.412
tf,NFO,79519,,,,,188.85,33.51,,1745209435,,,,,28093575,,,189.15,189.55,150,300,2025-04-21 09:53:55.581
tf,NFO,79519,,,,,189.95,34.29,,1745209436,,,,,,,,,,,,2025-04-21 09:53:56.387
tf,NFO,79519,,,,,189.40,33.90,,1745209437,,,,170.42,28097700,,,189.30,189.70,1050,900,2025-04-21 09:53:57.181
tf,NFO,79519,,,,,188.30,33.12,,1745209437,,,,,,,,,,,,2025-04-21 09:53:57.362
tf,NFO,79519,,,,,189.40,33.90,,1745209438,,,,,,,,,,,,2025-04-21 09:53:58.372
tf,NFO,79519,,,,,190.00,34.32,,1745209439,,,,,28102500,,,189.90,190.15,375,75,2025-04-21 09:53:59.033
tf,NFO,79519,,,,,189.80,34.18,,1745209439,,,,,,,,,,,,2025-04-21 09:53:59.454
tf,NFO,79519,,,,,189.65,34.08,,1745209440,,,,,,,,,,,,2025-04-21 09:54:00.397
tf,NFO,79519,,,,,190.10,34.39,,1745209440,,,,,28105425,,,190.15,190.60,675,375,2025-04-21 09:54:00.663
tf,NFO,79519,,,,,189.45,33.93,,1745209441,,,,,,,,,,,,2025-04-21 09:54:01.455
tf,NFO,79519,,,,,189.85,34.22,,1745209442,,,,,28107450,,,189.60,190.00,525,225,2025-04-21 09:54:02.238
tf,NFO,79519,,,,,189.95,34.29,,1745209442,,,,,,,,,,,,2025-04-21 09:54:02.442
tf,NFO,79519,,,,,189.80,34.18,,1745209443,,,,,,,,,,,,2025-04-21 09:54:03.372
tf,NFO,79519,,,,,189.30,33.83,,1745209444,,,,170.43,28112475,,,189.00,189.25,75,375,2025-04-21 09:54:04.013
tf,NFO,79519,,,,,189.20,33.76,,1745209444,,,,,,,,,,,,2025-04-21 09:54:04.369
tf,NFO,79519,,,,,189.10,33.69,,1745209445,,,,,,,,,,,,2025-04-21 09:54:05.368
tf,NFO,79519,,,,,188.80,33.47,,1745209445,,,,,28118475,,,188.40,188.80,825,,2025-04-21 09:54:05.592
tf,NFO,79519,,,,,188.00,32.91,,1745209446,,,,,,,,,,,,2025-04-21 09:54:06.378
tf,NFO,79519,,,,,188.55,33.30,,1745209447,,,,170.44,28131075,,,,188.75,1950,150,2025-04-21 09:54:07.197
tf,NFO,79519,,,,,189.25,33.79,,1745209447,,,,,,,,,,,,2025-04-21 09:54:07.374
tf,NFO,79519,,,,,189.65,34.08,,1745209448,,,,,,,,,,,,2025-04-21 09:54:08.373
tf,NFO,79519,,,,,189.20,33.76,,1745209449,,,,170.45,28143900,,,189.35,189.75,225,225,2025-04-21 09:54:08.995
tf,NFO,79519,,,,,188.75,33.44,,1745209449,,,,,,,,,,,,2025-04-21 09:54:09.385
tf,NFO,79519,,,,,189.00,33.62,,1745209450,,,,,,,,,,,,2025-04-21 09:54:10.375
tf,NFO,79519,,,,,188.50,33.26,,1745209450,,,,,28146300,,,188.00,188.40,1125,300,2025-04-21 09:54:10.600
tf,NFO,79519,,,,,188.80,33.47,,1745209451,,,,,,,,,,,,2025-04-21 09:54:11.375
tf,NFO,79519,,,,,188.60,33.33,,1745209452,,,,,28155675,,,188.45,188.85,300,375,2025-04-21 09:54:12.273
tf,NFO,79519,,,,,188.75,33.44,,1745209452,,,,,,,,,,,,2025-04-21 09:54:12.490
tf,NFO,79519,,,,,188.20,33.05,,1745209453,,,,,,,,,,,,2025-04-21 09:54:13.557
tf,NFO,79519,,,,,187.75,32.73,,1745209454,,,,170.46,28163025,,,187.75,188.15,825,150,2025-04-21 09:54:14.029
tf,NFO,79519,,,,,188.20,33.05,,1745209454,,,,,,,,,,,,2025-04-21 09:54:14.455
tf,NFO,79519,,,,,188.30,33.12,,1745209455,,,,,28165875,,,188.30,188.60,225,75,2025-04-21 09:54:15.606
tf,NFO,79519,,,,,189.70,34.11,,1745209456,,,,,,,,,,,,2025-04-21 09:54:16.384
tf,NFO,79519,,,,,189.25,33.79,,1745209457,,,,,28170225,,,189.40,189.75,450,225,2025-04-21 09:54:17.245
tf,NFO,79519,,,,,189.75,34.15,,1745209457,,,,,,,,,,,,2025-04-21 09:54:17.422
tf,NFO,79519,,,,,189.45,33.93,,1745209458,,,,,,,,,,,,2025-04-21 09:54:18.383
tf,NFO,79519,,,,,190.10,34.39,,1745209459,,,,170.47,28174800,,,190.55,190.70,375,375,2025-04-21 09:54:19.121
tf,NFO,79519,,,,,190.20,34.46,,1745209459,,,,,,,,,,,,2025-04-21 09:54:20.060
tf,NFO,79519,,,,,191.65,35.49,,1745209460,,,,,,,,,,,,2025-04-21 09:54:20.429
tf,NFO,79519,,,,,191.95,35.70,,1745209460,,,,170.48,28188300,,,191.60,192.00,225,750,2025-04-21 09:54:20.617
tf,NFO,79519,,,,,191.45,35.35,,1745209461,,,,,,,,,,,,2025-04-21 09:54:21.412
tf,NFO,79519,,,,,191.85,35.63,,1745209462,,,,170.49,28199025,,,191.55,191.95,150,225,2025-04-21 09:54:22.276
tf,NFO,79519,,,,,191.50,35.38,,1745209462,,,,,,,,,,,,2025-04-21 09:54:22.511
tf,NFO,79519,,,,,190.95,34.99,,1745209463,,,,,,,,,,,,2025-04-21 09:54:23.402
tf,NFO,79519,,,,,191.80,35.60,,1745209464,,,,170.50,28213575,,,191.45,191.80,75,,2025-04-21 09:54:24.036
tf,NFO,79519,,,,,191.30,35.24,,1745209464,,,,,,,,,,,,2025-04-21 09:54:24.430
tf,NFO,79519,,,,,191.60,35.45,,1745209465,,,,,,,,,,,,2025-04-21 09:54:25.600
tf,NFO,79519,,,,,190.90,34.96,,1745209465,,,,,28220250,,,190.65,191.10,675,300,2025-04-21 09:54:25.675
tf,NFO,79519,,,,,191.15,35.14,,1745209466,,,,,,,,,,,,2025-04-21 09:54:26.618
tf,NFO,79519,,,,,191.30,35.24,,1745209467,,,,170.51,28226100,,,191.00,191.50,900,675,2025-04-21 09:54:27.240
tf,NFO,79519,,,,,191.00,35.03,,1745209467,,,,,,,,,,,,2025-04-21 09:54:27.382
tf,NFO,79519,,,,,190.40,34.61,,1745209468,,,,,,,,,,,,2025-04-21 09:54:28.390
tf,NFO,79519,,,,,191.05,35.07,,1745209469,,,,,28235175,,,190.85,191.20,225,150,2025-04-21 09:54:28.897
tf,NFO,79519,,,,,191.75,35.56,,1745209469,,,,,,,,,,,,2025-04-21 09:54:29.395
tf,NFO,79519,,,,,189.90,34.25,,1745209470,,,,,,,,,,,,2025-04-21 09:54:30.490
tf,NFO,79519,,,,,190.30,34.54,,1745209471,,,,170.52,28240500,,,190.30,190.55,,75,2025-04-21 09:54:30.712
tf,NFO,79519,,,,,190.80,34.89,,1745209471,,,,,,,,,,,,2025-04-21 09:54:31.383
tf,NFO,79519,,,,,190.45,34.64,,1745209472,,,,,28243050,,,190.10,190.45,975,525,2025-04-21 09:54:32.270
tf,NFO,79519,,,,,190.00,34.32,,1745209473,,,,,,,,,,,,2025-04-21 09:54:33.439
tf,NFO,79519,,,,,190.90,34.96,,1745209474,,,,,28247925,,,190.75,191.00,525,150,2025-04-21 09:54:33.985
tf,NFO,79519,,,,,190.95,34.99,,1745209474,,,,,,,,,,,,2025-04-21 09:54:34.414
tf,NFO,79519,,,,,190.50,34.68,,1745209475,,,,,,,,,,,,2025-04-21 09:54:35.461
tf,NFO,79519,,,,,190.10,34.39,,1745209476,,,,,28253100,,,190.00,190.40,750,,2025-04-21 09:54:35.738
tf,NFO,79519,,,,,191.05,35.07,,1745209476,,,,,,,,,,,,2025-04-21 09:54:36.402
tf,NFO,79519,,,,,191.40,35.31,,1745209477,,,,170.53,28258425,,,191.30,191.70,525,675,2025-04-21 09:54:37.238
tf,NFO,79519,,,,,191.90,35.67,,1745209477,,,,,,,,,,,,2025-04-21 09:54:37.396
tf,NFO,79519,,,,,190.65,34.78,,1745209478,,,,,,,,,,,,2025-04-21 09:54:38.389
tf,NFO,79519,,,,,190.80,34.89,,1745209479,,,,,28262550,,,190.80,191.05,75,75,2025-04-21 09:54:38.914
tf,NFO,79519,,,,,191.40,35.31,,1745209479,,,,,,2569050,,,,,,2025-04-21 09:54:39.525
tf,NFO,79519,,,,,191.25,35.21,,1745209480,,,,,,,,,,,,2025-04-21 09:54:40.390
tf,NFO,79519,,,,,,,,1745209480,,,,,28267500,,,191.45,191.90,600,600,2025-04-21 09:54:40.446
tf,NFO,79519,,,,,191.90,35.67,,1745209481,,,,,,,,,,,,2025-04-21 09:54:41.390
tf,NFO,79519,,,,,191.85,35.63,,1745209482,,,,170.54,28277025,,,191.60,191.80,75,,2025-04-21 09:54:42.246
tf,NFO,79519,,,,,191.80,35.60,,1745209482,,,,,,,,,,,,2025-04-21 09:54:42.406
tf,NFO,79519,,,,,190.60,34.75,,1745209483,,,,,,,,,,,,2025-04-21 09:54:43.392
tf,NFO,79519,,,,,190.95,34.99,,1745209484,,,,170.55,28285500,,,190.55,191.00,450,675,2025-04-21 09:54:43.849
tf,NFO,79519,,,,,190.80,34.89,,1745209484,,,,,,,,,,,,2025-04-21 09:54:44.394
tf,NFO,79519,,,,,191.80,35.60,,1745209485,,,,,,,,,,,,2025-04-21 09:54:45.534
tf,NFO,79519,,,,,,,,1745209485,,,,170.56,28298400,,,191.40,191.80,975,450,2025-04-21 09:54:45.537
tf,NFO,79519,,,,,191.40,35.31,,1745209486,,,,,,,,,,,,2025-04-21 09:54:46.514
tf,NFO,79519,,,,,191.75,35.56,,1745209487,,,,,28303050,,,191.70,191.95,900,975,2025-04-21 09:54:47.292
tf,NFO,79519,,,,,191.70,35.52,,1745209487,,,,,,,,,,,,2025-04-21 09:54:47.523
tf,NFO,79519,,,,,192.20,35.88,,1745209488,,,,,,,,,,,,2025-04-21 09:54:48.398
tf,NFO,79519,,,,,191.75,35.56,,1745209489,,,,170.57,28315950,,,191.60,192.00,600,675,2025-04-21 09:54:48.857
tf,NFO,79519,,,,,191.70,35.52,,1745209489,,,,,,,,,,,,2025-04-21 09:54:49.396
tf,NFO,79519,,,,,191.30,35.24,,1745209490,,,,,,,,,,,,2025-04-21 09:54:50.400
tf,NFO,79519,,,,,192.20,35.88,,1745209490,,,,170.58,28322100,,,191.95,,75,75,2025-04-21 09:54:50.459
tf,NFO,79519,,,,,191.10,35.10,,1745209491,,,,,,,,,,,,2025-04-21 09:54:51.397
tf,NFO,79519,,,,,192.00,35.74,,1745209492,,,,,28330650,,,192.10,192.55,375,300,2025-04-21 09:54:52.291
tf,NFO,79519,,,,,192.80,36.30,,1745209492,,,,,,,,,,,,2025-04-21 09:54:52.454
tf,NFO,79519,,,,,193.50,36.80,,1745209493,,,,,,,,,,,,2025-04-21 09:54:53.472
tf,NFO,79519,,,,,192.75,36.27,,1745209494,,,,170.59,28344825,,,192.90,193.30,525,450,2025-04-21 09:54:53.868
tf,NFO,79519,,,,,192.90,36.37,,1745209494,,,,,,,,,,,,2025-04-21 09:54:54.400
tf,NFO,79519,,,,,192.80,36.30,,1745209495,,,,,,,,,,,,2025-04-21 09:54:55.401
tf,NFO,79519,,,,,193.10,36.51,,1745209495,,,,170.60,28355025,,,192.80,193.20,1350,75,2025-04-21 09:54:55.467
tf,NFO,79519,,,,,192.90,36.37,,1745209496,,,,,,,,,,,,2025-04-21 09:54:56.400
tf,NFO,79519,,,,,191.70,35.52,,1745209497,,,,170.62,28376250,,,191.85,192.15,225,,2025-04-21 09:54:57.311
tf,NFO,79519,,,,,192.20,35.88,,1745209497,,,,,,,,,,,,2025-04-21 09:54:57.457
tf,NFO,79519,,,,,192.60,36.16,,1745209498,,,,,,,,,,,,2025-04-21 09:54:58.591
tf,NFO,79519,,,,,193.10,36.51,,1745209499,,,,,28382850,,,192.80,193.15,975,,2025-04-21 09:54:58.938
tf,NFO,79519,,,,,193.40,36.73,,1745209499,,,,,,,,,,,,2025-04-21 09:54:59.445
tf,NFO,79519,,,,,193.70,36.94,,1745209500,,,,,,,,,,,,2025-04-21 09:55:00.451
tf,NFO,79519,,,,,194.25,37.33,,1745209500,,,,170.63,28394625,,,193.35,193.80,450,375,2025-04-21 09:55:00.500
tf,NFO,79519,,,,,191.80,35.60,,1745209501,,,,,,,,,,,,2025-04-21 09:55:01.604
tf,NFO,79519,,,,,192.35,35.98,,1745209502,,,,170.64,28404675,,,191.95,192.20,150,75,2025-04-21 09:55:02.280
tf,NFO,79519,,,,,191.70,35.52,,1745209502,,,,,,,,,,,,2025-04-21 09:55:02.403
tf,NFO,79519,,,,,192.35,35.98,,1745209503,,,,,,,,,,,,2025-04-21 09:55:03.405
tf,NFO,79519,,,,,192.65,36.20,,1745209504,,,,170.65,28415400,,,192.25,192.65,300,150,2025-04-21 09:55:03.878
tf,NFO,79519,,,,,193.00,36.44,,1745209504,,,,,,,,,,,,2025-04-21 09:55:04.408
tf,NFO,79519,,,,,192.85,36.34,,1745209505,,,,,,,,,,,,2025-04-21 09:55:05.430
tf,NFO,79519,,,,,193.05,36.48,,1745209505,,,,,28421550,,,193.15,193.50,150,600,2025-04-21 09:55:05.488
tf,NFO,79519,,,,,192.80,36.30,,1745209506,,,,,,,,,,,,2025-04-21 09:55:06.410
tf,NFO,79519,,,,,193.75,36.97,,1745209507,,,,170.66,28436325,,,193.50,193.80,,75,2025-04-21 09:55:07.368
tf,NFO,79519,,,,,193.30,36.66,,1745209507,,,,,,,,,,,,2025-04-21 09:55:07.407
tf,NFO,79519,,,,,194.65,37.61,,1745209508,,,,,,,,,,,,2025-04-21 09:55:08.501
tf,NFO,79519,,,,,194.70,37.65,,1745209509,,,,170.68,28459350,,,194.30,194.70,300,225,2025-04-21 09:55:08.885
tf,NFO,79519,,,,,193.70,36.94,,1745209509,,,,,,,,,,,,2025-04-21 09:55:09.407
tf,NFO,79519,,,,,195.30,38.07,,1745209510,,,,,,,,,,,,2025-04-21 09:55:10.413
tf,NFO,79519,,,,,194.75,37.68,,1745209510,,,,170.71,28493325,,,194.55,194.80,450,75,2025-04-21 09:55:10.490
tf,NFO,79519,,,,,195.20,38.00,,1745209511,,,,,,,,,,,,2025-04-21 09:55:11.414
tf,NFO,79519,,,,,194.30,37.36,,1745209512,,,,170.72,28505325,,,194.25,194.65,150,150,2025-04-21 09:55:12.317
tf,NFO,79519,,,,,194.25,37.33,,1745209512,,,,,,,,,,,,2025-04-21 09:55:12.531
tf,NFO,79519,,,,,194.95,37.82,,1745209513,,,,,,,,,,,,2025-04-21 09:55:13.411
tf,NFO,79519,,,,,194.75,37.68,,1745209514,,,,170.74,28522200,,,195.00,195.40,750,,2025-04-21 09:55:13.895
tf,NFO,79519,,,,,195.40,38.14,,1745209514,,,,,,,,,,,,2025-04-21 09:55:14.416
tf,NFO,79519,,,,,196.85,39.17,,1745209515,,,,,,,,,,,,2025-04-21 09:55:15.414
tf,NFO,79519,,,,,196.80,39.13,,1745209515,,,,170.76,28545150,,,196.70,197.05,150,75,2025-04-21 09:55:15.499
tf,NFO,79519,,,,,197.30,39.48,,1745209516,,,,,,,,,,,,2025-04-21 09:55:16.431
tf,NFO,79519,,,,,204.30,44.43,,1745209517,,205.00,,170.87,28654350,,,203.90,204.30,300,150,2025-04-21 09:55:17.298
tf,NFO,79519,,,,,203.70,44.01,,1745209517,,,,,,,,,,,,2025-04-21 09:55:17.414
tf,NFO,79519,,,,,204.40,44.50,,1745209518,,,,,,,,,,,,2025-04-21 09:55:18.439
tf,NFO,79519,,,,,204.60,44.64,,1745209519,,205.45,,170.92,28697100,,,204.45,204.90,75,75,2025-04-21 09:55:19.019
tf,NFO,79519,,,,,204.30,44.43,,1745209519,,,,,,,,,,,,2025-04-21 09:55:19.457
tf,NFO,79519,,,,,203.20,43.66,,1745209520,,,,170.98,28745700,,,203.20,203.70,375,825,2025-04-21 09:55:20.506
tf,NFO,79519,,,,,203.65,43.97,,1745209520,,,,,,,,,,,,2025-04-21 09:55:20.626
tf,NFO,79519,,,,,205.30,45.14,,1745209521,,,,,,,,,,,,2025-04-21 09:55:21.433
tf,NFO,79519,,,,,205.85,45.53,,1745209522,,207.00,,171.04,28794900,,,205.80,206.40,300,75,2025-04-21 09:55:22.308
tf,NFO,79519,,,,,206.20,45.78,,1745209522,,,,,,,,,,,,2025-04-21 09:55:22.418
tf,NFO,79519,,,,,207.75,46.87,,1745209523,,,,,,,,,,,,2025-04-21 09:55:23.423
tf,NFO,79519,,,,,207.00,46.34,,1745209524,,209.40,,171.11,28852350,,,206.55,207.05,225,225,2025-04-21 09:55:23.911
tf,NFO,79519,,,,,207.25,46.52,,1745209524,,,,,,,,,,,,2025-04-21 09:55:24.419
tf,NFO,79519,,,,,205.75,45.46,,1745209525,,,,171.16,28896900,,,205.65,206.15,375,75,2025-04-21 09:55:25.687
tf,NFO,79519,,,,,205.80,45.49,,1745209525,,,,,,,,,,,,2025-04-21 09:55:25.895
tf,NFO,79519,,,,,206.90,46.27,,1745209526,,,,,,,,,,,,2025-04-21 09:55:26.461
tf,NFO,79519,,,,,208.10,47.12,,1745209527,,209.70,,171.22,28943475,,,208.25,208.75,150,225,2025-04-21 09:55:27.319
tf,NFO,79519,,,,,207.90,46.98,,1745209527,,,,,,,,,,,,2025-04-21 09:55:27.420
tf,NFO,79519,,,,,208.65,47.51,,1745209528,,,,,,,,,,,,2025-04-21 09:55:28.423
tf,NFO,79519,,,,,208.35,47.30,,1745209529,,,,171.26,28972350,,,207.85,208.25,,375,2025-04-21 09:55:28.915
tf,NFO,79519,,,,,207.70,46.84,,1745209529,,,,,,,,,,,,2025-04-21 09:55:29.422
tf,NFO,79519,,,,,207.10,46.41,,1745209530,,,,,,,,,,,,2025-04-21 09:55:30.428
tf,NFO,79519,,,,,207.30,46.55,,1745209530,,,,171.30,29005425,,,206.95,207.45,450,225,2025-04-21 09:55:30.522
tf,NFO,79519,,,,,207.65,46.80,,1745209531,,,,,,,,,,,,2025-04-21 09:55:31.453
tf,NFO,79519,,,,,207.75,46.87,,1745209532,,,,171.34,29033850,,,207.75,208.10,150,75,2025-04-21 09:55:32.436
tf,NFO,79519,,,,,207.40,46.62,,1745209532,,,,,,,,,,,,2025-04-21 09:55:32.621
tf,NFO,79519,,,,,208.00,47.05,,1745209533,,,,,,,,,,,,2025-04-21 09:55:33.633
tf,NFO,79519,,,,,207.90,46.98,,1745209534,,,,171.37,29059500,,,207.65,208.15,450,525,2025-04-21 09:55:33.924
tf,NFO,79519,,,,,207.60,46.77,,1745209534,,,,,,,,,,,,2025-04-21 09:55:34.426
tf,NFO,79519,,,,,205.60,45.35,,1745209535,,,,,,,,,,,,2025-04-21 09:55:35.431
tf,NFO,79519,,,,,205.40,45.21,,1745209535,,,,171.40,29088675,,,205.40,205.80,1350,300,2025-04-21 09:55:35.527
tf,NFO,79519,,,,,204.95,44.89,,1745209536,,,,,,,,,,,,2025-04-21 09:55:36.428
tf,NFO,79519,,,,,205.95,45.60,,1745209537,,,,171.45,29123850,,,206.10,206.40,300,75,2025-04-21 09:55:37.132
tf,NFO,79519,,,,,206.55,46.02,,1745209537,,,,,,,,,,,,2025-04-21 09:55:37.644
tf,NFO,79519,,,,,206.65,46.09,,1745209538,,,,,,,,,,,,2025-04-21 09:55:38.469
tf,NFO,79519,,,,,207.25,46.52,,1745209539,,,,171.48,29152275,,,207.00,207.30,1575,375,2025-04-21 09:55:38.954
tf,NFO,79519,,,,,207.10,46.41,,1745209539,,,,,,,,,,,,2025-04-21 09:55:39.541
tf,NFO,79519,,,,,206.90,46.27,,1745209540,,,,171.49,29164800,,,206.80,,375,450,2025-04-21 09:55:40.342
tf,NFO,79519,,,,,207.00,46.34,,1745209540,,,,,,,,,,,,2025-04-21 09:55:40.556
tf,NFO,79519,,,,,207.85,46.94,,1745209541,,,,,,,,,,,,2025-04-21 09:55:41.429
tf,NFO,79519,,,,,207.70,46.84,,1745209542,,,,171.52,29182200,,,207.75,208.25,300,525,2025-04-21 09:55:42.135
tf,NFO,79519,,,,,208.25,47.23,,1745209542,,,,,,,,,,,,2025-04-21 09:55:42.428
tf,NFO,79519,,,,,208.70,47.54,,1745209543,,,,,,,,,,,,2025-04-21 09:55:43.430
tf,NFO,79519,,,,,209.35,48.00,,1745209544,,,,171.54,29198025,,,208.95,209.45,600,300,2025-04-21 09:55:43.739
tf,NFO,79519,,,,,209.95,48.43,,1745209544,,,,,,,,,,,,2025-04-21 09:55:44.430
tf,NFO,79519,,,,,206.50,45.99,,1745209545,,209.95,,171.57,29221050,,,206.55,206.95,225,225,2025-04-21 09:55:45.342
tf,NFO,79519,,,,,207.05,46.38,,1745209545,,,,,,,,,,,,2025-04-21 09:55:45.511
tf,NFO,79519,,,,,206.95,46.31,,1745209546,,,,,,,,,,,,2025-04-21 09:55:46.484
tf,NFO,79519,,,,,206.50,45.99,,1745209547,,,,171.59,29242350,,,206.50,206.90,300,150,2025-04-21 09:55:47.144
tf,NFO,79519,,,,,206.45,45.95,,1745209547,,,,,,,,,,,,2025-04-21 09:55:47.432
tf,NFO,79519,,,,,206.90,46.27,,1745209548,,,,,,,,,,,,2025-04-21 09:55:48.443
tf,NFO,79519,,,,,207.55,46.73,,1745209549,,,,171.61,29259525,,,207.25,207.65,375,300,2025-04-21 09:55:48.750
tf,NFO,79519,,,,,207.05,46.38,,1745209549,,,,,,,,,,,,2025-04-21 09:55:49.434
tf,NFO,79519,,,,,206.70,46.13,,1745209550,,,,171.62,29269875,,,206.80,207.25,75,150,2025-04-21 09:55:50.350
tf,NFO,79519,,,,,207.05,46.38,,1745209550,,,,,,,,,,,,2025-04-21 09:55:50.448
tf,NFO,79519,,,,,206.50,45.99,,1745209551,,,,,,,,,,,,2025-04-21 09:55:51.439
tf,NFO,79519,,,,,207.20,46.48,,1745209552,,,,171.63,29276625,,,,,150,675,2025-04-21 09:55:52.270
tf,NFO,79519,,,,,206.70,46.13,,1745209552,,,,,,,,,,,,2025-04-21 09:55:52.468
tf,NFO,79519,,,,,203.70,44.01,,1745209553,,,,,,,,,,,,2025-04-21 09:55:53.438
tf,NFO,79519,,,,,203.45,43.83,,1745209554,,,,171.67,29307300,,,203.00,203.45,75,300,2025-04-21 09:55:53.756
tf,NFO,79519,,,,,203.10,43.58,,1745209554,,,,,,,,,,,,2025-04-21 09:55:54.440
tf,NFO,79519,,,,,204.65,44.68,,1745209555,,,,171.69,29328000,,,204.55,204.95,300,225,2025-04-21 09:55:55.362
tf,NFO,79519,,,,,204.60,44.64,,1745209555,,,,,,,,,,,,2025-04-21 09:55:55.470
tf,NFO,79519,,,,,202.80,43.37,,1745209556,,,,,,,,,,,,2025-04-21 09:55:56.439
tf,NFO,79519,,,,,203.55,43.90,,1745209557,,,,171.70,29340150,,,203.15,203.60,,300,2025-04-21 09:55:57.158
tf,NFO,79519,,,,,203.80,44.08,,1745209557,,,,,,,,,,,,2025-04-21 09:55:57.442
tf,NFO,79519,,,,,201.05,42.14,,1745209558,,,,,,,,,,,,2025-04-21 09:55:58.539
tf,NFO,79519,,,,,200.45,41.71,,1745209559,,,,171.73,29369625,,,200.55,201.05,600,150,2025-04-21 09:55:58.778
tf,NFO,79519,,,,,198.65,40.44,,1745209560,,,,,,,,,,,,2025-04-21 09:55:59.641
tf,NFO,79519,,,,,196.60,38.99,,1745209560,,,,171.78,29422800,,,196.60,197.00,75,,2025-04-21 09:56:00.369
tf,NFO,79519,,,,,196.70,39.06,,1745209560,,,,,,,,,,,,2025-04-21 09:56:00.469
tf,NFO,79519,,,,,199.70,41.18,,1745209561,,,,,,,,,,,,2025-04-21 09:56:01.448
tf,NFO,79519,,,,,198.40,40.26,,1745209562,,,,171.81,29456925,,,198.40,198.85,450,600,2025-04-21 09:56:02.169
tf,NFO,79519,,,,,198.80,40.54,,1745209562,,,,,,,,,,,,2025-04-21 09:56:02.442
tf,NFO,79519,,,,,197.70,39.77,,1745209564,,,,171.82,29469600,,,197.30,197.70,375,225,2025-04-21 09:56:03.771
tf,NFO,79519,,,,,197.65,39.73,,1745209565,,,,,,,,,,,,2025-04-21 09:56:04.645
tf,NFO,79519,,,,,197.75,39.80,,1745209565,,,,171.83,29482200,,,197.70,198.15,450,975,2025-04-21 09:56:05.374
tf,NFO,79519,,,,,198.80,40.54,,1745209566,,,,,,,,,,,,2025-04-21 09:56:06.445
tf,NFO,79519,,,,,199.05,40.72,,1745209567,,,,171.84,29493750,,,198.55,198.95,75,150,2025-04-21 09:56:07.175
tf,NFO,79519,,,,,198.30,40.19,,1745209567,,,,,,,,,,,,2025-04-21 09:56:07.445
tf,NFO,79519,,,,,200.45,41.71,,1745209568,,,,,,,,,,,,2025-04-21 09:56:08.463
tf,NFO,79519,,,,,199.85,41.29,,1745209569,,,,171.86,29507100,,,199.80,200.20,450,750,2025-04-21 09:56:08.782
tf,NFO,79519,,,,,201.65,42.56,,1745209569,,,,,,,,,,,,2025-04-21 09:56:09.447
tf,NFO,79519,,,,,201.20,42.24,,1745209570,,,,171.87,29524425,,,200.80,201.25,75,525,2025-04-21 09:56:10.384
tf,NFO,79519,,,,,201.45,42.42,,1745209570,,,,,,,,,,,,2025-04-21 09:56:10.448
tf,NFO,79519,,,,,200.50,41.75,,1745209571,,,,,,,,,,,,2025-04-21 09:56:11.448
tf,NFO,79519,,,,,201.60,42.52,,1745209572,,,,171.88,29531175,,,201.15,201.60,1200,225,2025-04-21 09:56:12.293
tf,NFO,79519,,,,,201.50,42.45,,1745209572,,,,,,,,,,,,2025-04-21 09:56:12.524
tf,NFO,79519,,,,,201.30,42.31,,1745209573,,,,,,,,,,,,2025-04-21 09:56:13.528
tf,NFO,79519,,,,,201.10,42.17,,1745209574,,,,171.89,29538825,,,200.90,201.05,75,300,2025-04-21 09:56:13.791
tf,NFO,79519,,,,,201.85,42.70,,1745209574,,,,,,,,,,,,2025-04-21 09:56:14.546
tf,NFO,79519,,,,,201.55,42.49,,1745209575,,,,,29543400,,,201.55,202.00,375,225,2025-04-21 09:56:15.391
tf,NFO,79519,,,,,200.35,41.64,,1745209576,,,,,,,,,,,,2025-04-21 09:56:16.452
tf,NFO,79519,,,,,201.05,42.14,,1745209577,,,,171.91,29561625,,,200.75,201.05,750,,2025-04-21 09:56:17.191
tf,NFO,79519,,,,,201.25,42.28,,1745209577,,,,,,,,,,,,2025-04-21 09:56:17.450
tf,NFO,79519,,,,,202.00,42.81,,1745209578,,,,,,,,,,,,2025-04-21 09:56:18.506
tf,NFO,79519,,,,,200.75,41.92,,1745209579,,,,171.92,29572725,,,200.65,,75,525,2025-04-21 09:56:18.887
tf,NFO,79519,,,,,200.00,41.39,,1745209579,,,,,,,,,,,,2025-04-21 09:56:19.494
tf,NFO,79519,,,,,200.75,41.92,,1745209580,,,,171.93,29579850,,,200.25,200.75,375,300,2025-04-21 09:56:20.397
tf,NFO,79519,,,,,200.85,41.99,,1745209580,,,,,,,,,,,,2025-04-21 09:56:20.452
tf,NFO,79519,,,,,199.05,40.72,,1745209581,,,,,,,,,,,,2025-04-21 09:56:21.454
tf,NFO,79519,,,,,198.40,40.26,,1745209582,,,,171.94,29592150,,,198.55,199.00,525,600,2025-04-21 09:56:22.200
tf,NFO,79519,,,,,198.75,40.51,,1745209582,,,,,,,,,,,,2025-04-21 09:56:22.456
tf,NFO,79519,,,,,198.05,40.01,,1745209583,,,,,,,,,,,,2025-04-21 09:56:23.465
tf,NFO,79519,,,,,197.55,39.66,,1745209584,,,,171.95,29602500,,,197.30,197.70,75,,2025-04-21 09:56:23.802
tf,NFO,79519,,,,,197.85,39.87,,1745209584,,,,,,,,,,,,2025-04-21 09:56:24.462
tf,NFO,79519,,,,,197.30,39.48,,1745209585,,,,171.96,29609025,,,197.00,197.25,750,75,2025-04-21 09:56:25.419
tf,NFO,79519,,,,,197.00,39.27,,1745209585,,,,,,,,,,,,2025-04-21 09:56:25.463
tf,NFO,79519,,,,,196.40,38.85,,1745209587,,,,171.97,29621550,,,196.10,196.45,75,150,2025-04-21 09:56:27.215
tf,NFO,79519,,,,,195.00,37.86,,1745209587,,,,,,,,,,,,2025-04-21 09:56:27.461
tf,NFO,79519,,,,,194.75,37.68,,1745209588,,,,,,,,,,,,2025-04-21 09:56:28.465
tf,NFO,79519,,,,,194.95,37.82,,1745209589,,,,172.00,29662875,,,195.10,195.45,,675,2025-04-21 09:56:28.815
tf,NFO,79519,,,,,196.20,38.71,,1745209589,,,,,,,,,,,,2025-04-21 09:56:29.462
tf,NFO,79519,,,,,196.30,38.78,,1745209590,,,,172.02,29693025,,,196.25,196.65,300,75,2025-04-21 09:56:30.418
tf,NFO,79519,,,,,196.20,38.71,,1745209590,,,,,,,,,,,,2025-04-21 09:56:30.462
tf,NFO,79519,,,,,197.15,39.38,,1745209591,,,,,,,,,,,,2025-04-21 09:56:31.537
tf,NFO,79519,,,,,198.55,40.37,,1745209592,,,,172.04,29708850,,,198.50,198.95,600,,2025-04-21 09:56:32.217
tf,NFO,79519,,,,,198.00,39.98,,1745209592,,,,,,,,,,,,2025-04-21 09:56:32.571
tf,NFO,79519,,,,,198.35,40.23,,1745209593,,,,,,,,,,,,2025-04-21 09:56:33.492
tf,NFO,79519,,,,,199.05,40.72,,1745209594,,,,,29712825,,,198.75,199.05,75,,2025-04-21 09:56:33.820
tf,NFO,79519,,,,,199.25,40.86,,1745209594,,,,,,,,,,,,2025-04-21 09:56:34.466
tf,NFO,79519,,,,,199.10,40.76,,1745209595,,,,,29717925,,,198.70,199.10,675,150,2025-04-21 09:56:35.423
tf,NFO,79519,,,,,200.15,41.50,,1745209596,,,,,,,,,,,,2025-04-21 09:56:36.476
tf,NFO,79519,,,,,199.55,41.07,,1745209597,,,,172.05,29725950,,,199.85,200.20,1725,975,2025-04-21 09:56:37.024
tf,NFO,79519,,,,,199.75,41.22,,1745209597,,,,,,,,,,,,2025-04-21 09:56:37.478
tf,NFO,79519,,,,,200.00,41.39,,1745209598,,,,,,,,,,,,2025-04-21 09:56:38.561
tf,NFO,79519,,,,,200.40,41.68,,1745209598,,,,172.06,29736900,,,199.70,200.05,225,75,2025-04-21 09:56:38.747
tf,NFO,79519,,,,,198.85,40.58,,1745209599,,,,,,,,,,,,2025-04-21 09:56:39.468
tf,NFO,79519,,,,,199.65,41.15,,1745209600,,,,,29740500,,,199.60,,825,525,2025-04-21 09:56:40.433
tf,NFO,79519,,,,,200.10,41.46,,1745209600,,,,,,,,,,,,2025-04-21 09:56:40.474
tf,NFO,79519,,,,,199.60,41.11,,1745209601,,,,,,,,,,,,2025-04-21 09:56:41.471
tf,NFO,79519,,,,,200.15,41.50,,1745209602,,,,172.07,29747925,,,199.85,200.25,300,225,2025-04-21 09:56:42.033
tf,NFO,79519,,,,,199.65,41.15,,1745209602,,,,,,,,,,,,2025-04-21 09:56:42.470
tf,NFO,79519,,,,,199.60,41.11,,1745209603,,,,,,,,,,,,2025-04-21 09:56:43.471
tf,NFO,79519,,,,,,,,1745209604,,,,172.08,29753100,,,199.30,199.60,150,375,2025-04-21 09:56:43.642
tf,NFO,79519,,,,,200.70,41.89,,1745209604,,,,,,,,,,,,2025-04-21 09:56:44.472
tf,NFO,79519,,,,,200.50,41.75,,1745209605,,,,,29761425,,,200.50,200.90,,900,2025-04-21 09:56:45.493
tf,NFO,79519,,,,,200.90,42.03,,1745209605,,,,,,,,,,,,2025-04-21 09:56:45.515
tf,NFO,79519,,,,,200.40,41.68,,1745209606,,,,,,,,,,,,2025-04-21 09:56:46.526
tf,NFO,79519,,,,,200.85,41.99,,1745209607,,,,172.09,29766150,,,200.40,200.85,450,150,2025-04-21 09:56:47.107
tf,NFO,79519,,,,,200.60,41.82,,1745209608,,,,,,,,,,,,2025-04-21 09:56:48.472
tf,NFO,79519,,,,,199.80,41.25,,1745209609,,,,172.10,29778900,,,199.65,199.90,300,,2025-04-21 09:56:48.643
tf,NFO,79519,,,,,198.30,40.19,,1745209610,,,,,,,,,,,,2025-04-21 09:56:49.673
tf,NFO,79519,,,,,198.90,40.62,,1745209610,,,,,29783325,,,199.25,199.55,75,75,2025-04-21 09:56:50.444
tf,NFO,79519,,,,,199.40,40.97,,1745209611,,,,,,,,,,,,2025-04-21 09:56:52.268
tf,NFO,79519,,,,,199.80,41.25,,1745209612,,,,172.11,29785500,,,199.45,199.80,150,1050,2025-04-21 09:56:52.297
tf,NFO,79519,,,,,199.60,41.11,,1745209612,,,,,,,,,,,,2025-04-21 09:56:52.475
tf,NFO,79519,,,,,199.25,40.86,,1745209613,,,,,,,,,,,,2025-04-21 09:56:53.478
tf,NFO,79519,,,,,199.80,41.25,,1745209614,,,,,29787675,,,,,375,900,2025-04-21 09:56:53.651
tf,NFO,79519,,,,,199.20,40.83,,1745209614,,,,,,,,,,,,2025-04-21 09:56:54.475
tf,NFO,79519,,,,,200.05,41.43,,1745209615,,,,,29793525,,,199.95,200.30,1350,75,2025-04-21 09:56:55.453
tf,NFO,79519,,,,,199.95,41.36,,1745209615,,,,,,,,,,,,2025-04-21 09:56:55.484
tf,NFO,79519,,,,,199.75,41.22,,1745209616,,,,,,,,,,,,2025-04-21 09:56:56.478
tf,NFO,79519,,,,,200.00,41.39,,1745209617,,,,172.12,29798250,,,200.25,200.70,300,1050,2025-04-21 09:56:57.065
tf,NFO,79519,,,,,200.85,41.99,,1745209617,,,,,,,,,,,,2025-04-21 09:56:57.479
tf,NFO,79519,,,,,200.35,41.64,,1745209618,,,,,,,,,,,,2025-04-21 09:56:58.632
tf,NFO,79519,,,,,200.65,41.85,,1745209619,,,,,29803500,,,,,75,975,2025-04-21 09:56:58.673
tf,NFO,79519,,,,,200.10,41.46,,1745209619,,,,,,,,,,,,2025-04-21 09:56:59.482
tf,NFO,79519,,,,,201.05,42.14,,1745209620,,,,172.13,29810775,,,201.05,201.45,,300,2025-04-21 09:57:00.464
tf,NFO,79519,,,,,201.95,42.77,,1745209621,,,,,,,,,,,,2025-04-21 09:57:01.484
tf,NFO,79519,,,,,202.15,42.91,,1745209622,,,,172.14,29821950,,,202.15,202.50,225,450,2025-04-21 09:57:02.088
tf,NFO,79519,,,,,201.80,42.67,,1745209622,,,,,,,,,,,,2025-04-21 09:57:02.484
tf,NFO,79519,,,,,202.05,42.84,,1745209623,,,,,,,,,,,,2025-04-21 09:57:03.483
tf,NFO,79519,,,,,201.60,42.52,,1745209624,,,,172.16,29835750,,,201.25,201.65,,375,2025-04-21 09:57:03.670
tf,NFO,79519,,,,,200.15,41.50,,1745209624,,,,,,,,,,,,2025-04-21 09:57:04.577
tf,NFO,79519,,,,,201.05,42.14,,1745209625,,,,,29841975,,,201.05,201.45,,300,2025-04-21 09:57:05.541
tf,NFO,79519,,,,,200.95,42.06,,1745209626,,,,,,,,,,,,2025-04-21 09:57:06.489
tf,NFO,79519,,,,,200.40,41.68,,1745209627,,,,172.17,29851575,,,200.45,200.85,375,375,2025-04-21 09:57:07.083
tf,NFO,79519,,,,,200.00,41.39,,1745209628,,,,,,,,,,,,2025-04-21 09:57:08.486
tf,NFO,79519,,,,,199.70,41.18,,1745209629,,,,172.18,29858175,,,199.70,200.00,,150,2025-04-21 09:57:08.680
tf,NFO,79519,,,,,200.95,42.06,,1745209629,,,,,,,,,,,,2025-04-21 09:57:09.487
tf,NFO,79519,,,,,201.00,42.10,,1745209630,,,,,29863950,,,201.10,201.35,75,75,2025-04-21 09:57:10.477
tf,NFO,79519,,,,,201.45,42.42,,1745209631,,,,,,,,,,,,2025-04-21 09:57:11.497
tf,NFO,79519,,,,,201.80,42.67,,1745209632,,,,172.19,29867025,,,201.45,201.90,600,525,2025-04-21 09:57:12.138
tf,NFO,79519,,,,,201.75,42.63,,1745209632,,,,,,,,,,,,2025-04-21 09:57:12.545
tf,NFO,79519,,,,,201.40,42.38,,1745209633,,,,,,,,,,,,2025-04-21 09:57:13.492
tf,NFO,79519,,,,,201.70,42.59,,1745209634,,,,,29873025,,,201.25,201.65,150,300,2025-04-21 09:57:13.687
tf,NFO,79519,,,,,202.20,42.95,,1745209634,,,,,,,,,,,,2025-04-21 09:57:14.489
tf,NFO,79519,,,,,202.90,43.44,,1745209635,,,,172.20,29881200,,,202.30,202.80,375,1200,2025-04-21 09:57:15.489
tf,NFO,79519,,,,,201.35,42.35,,1745209636,,,,,,,,,,,,2025-04-21 09:57:16.492
tf,NFO,79519,,,,,202.30,43.02,,1745209637,,,,,29886150,,,202.20,202.60,75,525,2025-04-21 09:57:17.088
tf,NFO,79519,,,,,201.80,42.67,,1745209637,,,,,,,,,,,,2025-04-21 09:57:17.495
tf,NFO,79519,,,,,201.85,42.70,,1745209638,,,,,,,,,,,,2025-04-21 09:57:18.492
tf,NFO,79519,,,,,201.90,42.74,,1745209639,,,,172.21,29890350,,,201.50,201.90,,750,2025-04-21 09:57:18.714
tf,NFO,79519,,,,,201.60,42.52,,1745209639,,,,,,,,,,,,2025-04-21 09:57:19.496
tf,NFO,79519,,,,,202.15,42.91,,1745209640,,,,,,,,,,,,2025-04-21 09:57:20.528
tf,NFO,79519,,,,,,,,1745209640,,,,172.22,29897625,,,201.60,202.00,225,300,2025-04-21 09:57:20.531
tf,NFO,79519,,,,,202.20,42.95,,1745209641,,,,,,,,,,,,2025-04-21 09:57:21.550
tf,NFO,79519,,,,,201.90,42.74,,1745209642,,,,,29899200,,,201.65,,150,,2025-04-21 09:57:22.107
tf,NFO,79519,,,,,202.60,43.23,,1745209642,,,,,,,,,,,,2025-04-21 09:57:22.493
tf,NFO,79519,,,,,201.95,42.77,,1745209643,,,,,,,,,,,,2025-04-21 09:57:23.495
tf,NFO,79519,,,,,202.15,42.91,,1745209644,,,,,29902275,,,202.10,202.40,75,150,2025-04-21 09:57:23.699
tf,NFO,79519,,,,,202.55,43.20,,1745209644,,,,,,,,,,,,2025-04-21 09:57:24.585
tf,NFO,79519,,,,,201.60,42.52,,1745209645,,,,172.23,29908350,,,201.50,202.05,600,750,2025-04-21 09:57:25.425
tf,NFO,79519,,,,,201.25,42.28,,1745209645,,,,,,,,,,,,2025-04-21 09:57:25.613
tf,NFO,79519,,,,,202.40,43.09,,1745209646,,,,,,,,,,,,2025-04-21 09:57:26.499
tf,NFO,79519,,,,,202.70,43.30,,1745209647,,,,,29914950,,,202.70,203.10,225,150,2025-04-21 09:57:27.104
tf,NFO,79519,,,,,202.55,43.20,,1745209647,,,,,,,,,,,,2025-04-21 09:57:27.498
tf,NFO,79519,,,,,203.00,43.51,,1745209648,,,,,,,,,,,,2025-04-21 09:57:28.500
tf,NFO,79519,,,,,202.10,42.88,,1745209649,,,,172.24,29921850,,,202.10,202.45,975,75,2025-04-21 09:57:28.708
tf,NFO,79519,,,,,202.40,43.09,,1745209649,,,,,,,,,,,,2025-04-21 09:57:29.504
tf,NFO,79519,,,,,202.35,43.05,,1745209650,,,,,29926275,,,202.35,202.75,150,150,2025-04-21 09:57:30.311
tf,NFO,79519,,,,,202.75,43.34,,1745209650,,,,,,,,,,,,2025-04-21 09:57:30.504
tf,NFO,79519,,,,,202.00,42.81,,1745209651,,,,,,,,,,,,2025-04-21 09:57:31.557
tf,NFO,79519,,,,,202.70,43.30,,1745209652,,,,172.25,29933400,,,202.10,202.55,750,675,2025-04-21 09:57:32.218
tf,NFO,79519,,,,,201.90,42.74,,1745209652,,,,,,,,,,,,2025-04-21 09:57:32.592
tf,NFO,79519,,,,,201.40,42.38,,1745209653,,,,,,,,,,,,2025-04-21 09:57:33.503
tf,NFO,79519,,,,,201.60,42.52,,1745209654,,,,172.26,29938125,,,201.60,202.05,375,900,2025-04-21 09:57:33.716
tf,NFO,79519,,,,,202.30,43.02,,1745209654,,,,,,,,,,,,2025-04-21 09:57:34.505
tf,NFO,79519,,,,,202.50,43.16,,1745209655,,,,,29942850,,,202.10,202.50,150,1200,2025-04-21 09:57:35.325
tf,NFO,79519,,,,,202.65,43.27,,1745209655,,,,,,,,,,,,2025-04-21 09:57:35.508
tf,NFO,79519,,,,,202.30,43.02,,1745209656,,,,,,,,,,,,2025-04-21 09:57:36.507
tf,NFO,79519,,,,,202.40,43.09,,1745209657,,,,,29946225,,,202.00,202.35,75,525,2025-04-21 09:57:36.923
tf,NFO,79519,,,,,202.45,43.12,,1745209657,,,,,,,,,,,,2025-04-21 09:57:37.520
tf,NFO,79519,,,,,202.85,43.41,,1745209658,,,,,,,,,,,,2025-04-21 09:57:38.547
tf,NFO,79519,,,,,202.70,43.30,,1745209659,,,,172.27,29950500,,,202.60,203.00,525,1575,2025-04-21 09:57:38.782
tf,NFO,79519,,,,,202.75,43.34,,1745209659,,,,,,2501700,,,,,,2025-04-21 09:57:39.509
tf,NFO,79519,,,,,202.85,43.41,,1745209660,,,,,29954850,,,202.45,202.90,300,750,2025-04-21 09:57:40.331
tf,NFO,79519,,,,,202.60,43.23,,1745209660,,,,,,,,,,,,2025-04-21 09:57:40.510
tf,NFO,79519,,,,,202.70,43.30,,1745209661,,,,,,,,,,,,2025-04-21 09:57:41.515
tf,NFO,79519,,,,,202.55,43.20,,1745209662,,,,172.28,29956800,,,202.65,203.00,225,300,2025-04-21 09:57:41.930
tf,NFO,79519,,,,,203.70,44.01,,1745209662,,,,,,,,,,,,2025-04-21 09:57:42.525
tf,NFO,79519,,,,,203.40,43.80,,1745209663,,,,,,,,,,,,2025-04-21 09:57:43.517
tf,NFO,79519,,,,,203.85,44.11,,1745209664,,,,,29961525,,,203.45,203.85,525,225,2025-04-21 09:57:43.731
tf,NFO,79519,,,,,204.50,44.57,,1745209664,,,,,,,,,,,,2025-04-21 09:57:44.563
tf,NFO,79519,,,,,204.05,44.26,,1745209665,,,,172.29,29966775,,,204.00,204.30,150,75,2025-04-21 09:57:45.345
tf,NFO,79519,,,,,204.25,44.40,,1745209665,,,,,,,,,,,,2025-04-21 09:57:45.541
tf,NFO,79519,,,,,205.90,45.56,,1745209666,,,,,,,,,,,,2025-04-21 09:57:46.515
tf,NFO,79519,,,,,206.20,45.78,,1745209667,,,,172.31,29987175,,,205.90,206.30,300,450,2025-04-21 09:57:46.940
tf,NFO,79519,,,,,205.85,45.53,,1745209667,,,,,,,,,,,,2025-04-21 09:57:47.527
tf,NFO,79519,,,,,202.90,43.44,,1745209668,,,,,,,,,,,,2025-04-21 09:57:48.517
tf,NFO,79519,,,,,203.05,43.55,,1745209669,,,,172.33,30009375,,,202.85,203.20,225,75,2025-04-21 09:57:48.740
tf,NFO,79519,,,,,201.75,42.63,,1745209670,,,,,,,,,,,,2025-04-21 09:57:49.711
tf,NFO,79519,,,,,202.30,43.02,,1745209670,,,,172.34,30018750,,,201.80,202.25,750,225,2025-04-21 09:57:50.344
tf,NFO,79519,,,,,202.25,42.98,,1745209670,,,,,,,,,,,,2025-04-21 09:57:50.517
tf,NFO,79519,,,,,201.05,42.14,,1745209671,,,,,,,,,,,,2025-04-21 09:57:51.537
tf,NFO,79519,,,,,,,,1745209672,,,,172.35,30025050,,,200.65,201.10,450,525,2025-04-21 09:57:52.034
tf,NFO,79519,,,,,201.25,42.28,,1745209672,,,,,,,,,,,,2025-04-21 09:57:52.691
tf,NFO,79519,,,,,200.35,41.64,,1745209673,,,,,,,,,,,,2025-04-21 09:57:53.514
tf,NFO,79519,,,,,200.00,41.39,,1745209674,,,,172.36,30037575,,,199.90,200.30,300,675,2025-04-21 09:57:53.904
tf,NFO,79519,,,,,200.20,41.53,,1745209674,,,,,,,,,,,,2025-04-21 09:57:54.611
tf,NFO,79519,,,,,199.75,41.22,,1745209675,,,,172.37,30045300,,,199.75,200.15,75,,2025-04-21 09:57:55.352
tf,NFO,79519,,,,,200.50,41.75,,1745209675,,,,,,,,,,,,2025-04-21 09:57:55.526
tf,NFO,79519,,,,,199.80,41.25,,1745209676,,,,,,,,,,,,2025-04-21 09:57:56.518
tf,NFO,79519,,,,,199.35,40.93,,1745209677,,,,,30052875,,,199.00,199.25,2250,525,2025-04-21 09:57:56.962
tf,NFO,79519,,,,,199.10,40.76,,1745209677,,,,,,,,,,,,2025-04-21 09:57:57.549
tf,NFO,79519,,,,,197.65,39.73,,1745209678,,,,,,,,,,,,2025-04-21 09:57:58.630
tf,NFO,79519,,,,,197.95,39.94,,1745209679,,,,172.38,30063675,,,197.95,198.35,150,,2025-04-21 09:57:58.800
tf,NFO,79519,,,,,200.10,41.46,,1745209679,,,,,,,,,,,,2025-04-21 09:57:59.522
tf,NFO,79519,,,,,201.10,42.17,,1745209680,,,,172.39,30076350,,,201.10,201.50,375,150,2025-04-21 09:58:00.360
tf,NFO,79519,,,,,200.80,41.96,,1745209681,,,,,,,,,,,,2025-04-21 09:58:01.520
tf,NFO,79519,,,,,201.45,42.42,,1745209682,,,,172.40,30080550,,,201.20,,150,300,2025-04-21 09:58:01.965
tf,NFO,79519,,,,,201.25,42.28,,1745209682,,,,,,,,,,,,2025-04-21 09:58:02.524
tf,NFO,79519,,,,,201.35,42.35,,1745209683,,,,,,,,,,,,2025-04-21 09:58:03.522
tf,NFO,79519,,,,,201.50,42.45,,1745209684,,,,,30085725,,,201.50,201.75,450,75,2025-04-21 09:58:03.766
tf,NFO,79519,,,,,202.45,43.12,,1745209684,,,,,,,,,,,,2025-04-21 09:58:04.531
tf,NFO,79519,,,,,201.70,42.59,,1745209685,,,,172.41,30089400,,,201.15,201.40,150,675,2025-04-21 09:58:05.390
tf,NFO,79519,,,,,201.15,42.21,,1745209685,,,,,,,,,,,,2025-04-21 09:58:05.853
tf,NFO,79519,,,,,201.55,42.49,,1745209686,,,,,,,,,,,,2025-04-21 09:58:06.523
tf,NFO,79519,,,,,201.60,42.52,,1745209687,,,,,30094950,,,,201.30,825,375,2025-04-21 09:58:06.974
tf,NFO,79519,,,,,202.00,42.81,,1745209687,,,,,,,,,,,,2025-04-21 09:58:07.531
tf,NFO,79519,,,,,202.75,43.34,,1745209688,,,,,,,,,,,,2025-04-21 09:58:08.524
tf,NFO,79519,,,,,202.85,43.41,,1745209689,,,,,30096825,,,202.60,203.00,225,1125,2025-04-21 09:58:08.779
tf,NFO,79519,,,,,203.55,43.90,,1745209689,,,,,,,,,,,,2025-04-21 09:58:09.525
tf,NFO,79519,,,,,203.25,43.69,,1745209690,,,,172.42,30099450,,,202.95,203.25,75,300,2025-04-21 09:58:10.386
tf,NFO,79519,,,,,203.00,43.51,,1745209690,,,,,,,,,,,,2025-04-21 09:58:10.525
tf,NFO,79519,,,,,204.55,44.61,,1745209691,,,,,,,,,,,,2025-04-21 09:58:11.538
tf,NFO,79519,,,,,204.60,44.64,,1745209692,,,,172.43,30110475,,,204.25,204.70,450,,2025-04-21 09:58:12.104
tf,NFO,79519,,,,,204.40,44.50,,1745209692,,,,,,,,,,,,2025-04-21 09:58:12.586
tf,NFO,79519,,,,,204.25,44.40,,1745209693,,,,,,,,,,,,2025-04-21 09:58:13.528
tf,NFO,79519,,,,,203.90,44.15,,1745209694,,,,,30115350,,,204.00,204.30,225,75,2025-04-21 09:58:13.786
tf,NFO,79519,,,,,204.40,44.50,,1745209694,,,,,,,,,,,,2025-04-21 09:58:14.654
tf,NFO,79519,,,,,204.55,44.61,,1745209695,,,,172.44,30120675,,,204.20,204.60,75,450,2025-04-21 09:58:15.387
tf,NFO,79519,,,,,204.30,44.43,,1745209695,,,,,,,,,,,,2025-04-21 09:58:15.529
tf,NFO,79519,,,,,203.30,43.73,,1745209696,,,,,,,,,,,,2025-04-21 09:58:16.531
tf,NFO,79519,,,,,204.00,44.22,,1745209697,,,,172.45,30126675,,,204.05,204.45,900,150,2025-04-21 09:58:16.997
tf,NFO,79519,,,,,203.75,44.04,,1745209699,,,,,30132450,,,203.95,204.35,225,375,2025-04-21 09:58:18.869
tf,NFO,79519,,,,,203.60,43.94,,1745209699,,,,,,,,,,,,2025-04-21 09:58:19.532
tf,NFO,79519,,,,,203.85,44.11,,1745209700,,,,,30135375,,,203.45,203.80,75,300,2025-04-21 09:58:20.396
tf,NFO,79519,,,,,203.45,43.83,,1745209700,,,,,,,,,,,,2025-04-21 09:58:20.533
tf,NFO,79519,,,,,203.10,43.58,,1745209701,,,,,,,,,,,,2025-04-21 09:58:21.539
tf,NFO,79519,,,,,203.25,43.69,,1745209702,,,,172.46,30139950,,,203.40,,300,450,2025-04-21 09:58:21.996
tf,NFO,79519,,,,,204.00,44.22,,1745209702,,,,,,,,,,,,2025-04-21 09:58:22.556
tf,NFO,79519,,,,,202.75,43.34,,1745209703,,,,,,,,,,,,2025-04-21 09:58:23.539
tf,NFO,79519,,,,,202.50,43.16,,1745209704,,,,172.47,30145875,,,202.60,203.10,75,525,2025-04-21 09:58:23.809
tf,NFO,79519,,,,,203.00,43.51,,1745209704,,,,,,,,,,,,2025-04-21 09:58:24.586
