t,e,tk,ts,pp,ls,ti,lp,pc,c,ft,o,h,l,ap,v,oi,poi,bp1,sp1,bq1,sq1,received_timestamp
tk,NFO,79547,NIFTY24APR25C24100,2,75,0.05,119.00,39.18,85.50,1745209403,93.00,128.00,87.10,107.01,28509975,4279275,2071875,119.10,119.45,1725,825,2025-04-21 09:53:24.034
tf,NFO,79547,,,,,118.40,38.48,,1745209404,,,,107.02,28536150,,,118.35,118.60,450,75,2025-04-21 09:53:24.061
tf,NFO,79547,,,,,118.00,38.01,,1745209404,,,,,,,,,,,,2025-04-21 09:53:24.530
tf,NFO,79547,,,,,117.80,37.78,,1745209405,,,,,,,,,,,,2025-04-21 09:53:25.527
tf,NFO,79547,,,,,,,,1745209406,,,,107.03,28556625,,,117.50,117.65,225,,2025-04-21 09:53:25.662
tf,NFO,79547,,,,,117.20,37.08,,1745209406,,,,,,,,,,,,2025-04-21 09:53:26.682
tf,NFO,79547,,,,,117.40,37.31,,1745209407,,,,107.04,28572375,,,117.30,117.55,,,2025-04-21 09:53:27.262
tf,NFO,79547,,,,,117.00,36.84,,1745209407,,,,,,,,,,,,2025-04-21 09:53:27.626
tf,NFO,79547,,,,,116.45,36.20,,1745209408,,,,,,,,,,,,2025-04-21 09:53:28.648
tf,NFO,79547,,,,,116.80,36.61,,1745209409,,,,,28591200,,,116.55,116.75,1800,450,2025-04-21 09:53:29.103
tf,NFO,79547,,,,,116.50,36.26,,1745209409,,,,,,,,,,,,2025-04-21 09:53:29.583
tf,NFO,79547,,,,,117.55,37.49,,1745209410,,,,,,,,,,,,2025-04-21 09:53:30.535
tf,NFO,79547,,,,,117.30,37.19,,1745209411,,,,107.05,28615575,,,117.05,117.30,975,225,2025-04-21 09:53:30.667
tf,NFO,79547,,,,,117.35,37.25,,1745209411,,,,,,,,,,,,2025-04-21 09:53:31.532
tf,NFO,79547,,,,,117.70,37.66,,1745209412,,,,,28622400,,,117.20,117.45,1050,450,2025-04-21 09:53:32.271
tf,NFO,79547,,,,,117.10,36.96,,1745209412,,,,,,,,,,,,2025-04-21 09:53:32.566
tf,NFO,79547,,,,,116.65,36.43,,1745209413,,,,,,,,,,,,2025-04-21 09:53:33.564
tf,NFO,79547,,,,,116.95,36.78,,1745209414,,,,,28627800,,,116.65,116.90,525,150,2025-04-21 09:53:34.069
tf,NFO,79547,,,,,117.60,37.54,,1745209414,,,,,,,,,,,,2025-04-21 09:53:34.545
tf,NFO,79547,,,,,116.55,36.32,,1745209415,,,,,,,,,,,,2025-04-21 09:53:35.538
tf,NFO,79547,,,,,116.95,36.78,,1745209416,,,,107.06,28634700,,,116.90,117.15,75,825,2025-04-21 09:53:35.675
tf,NFO,79547,,,,,117.10,36.96,,1745209416,,,,,,,,,,,,2025-04-21 09:53:36.536
tf,NFO,79547,,,,,117.50,37.43,,1745209417,,,,,28641375,,,117.20,117.50,750,450,2025-04-21 09:53:37.302
tf,NFO,79547,,,,,117.70,37.66,,1745209417,,,,,,,,,,,,2025-04-21 09:53:37.537
tf,NFO,79547,,,,,117.80,37.78,,1745209418,,,,,,,,,,,,2025-04-21 09:53:38.537
tf,NFO,79547,,,,,117.45,37.37,,1745209419,,,,,28651350,,,117.40,117.65,1725,150,2025-04-21 09:53:39.149
tf,NFO,79547,,,,,118.05,38.07,,1745209419,,,,,,,,,,,,2025-04-21 09:53:39.949
tf,NFO,79547,,,,,118.65,38.77,,1745209420,,,,,,,,,,,,2025-04-21 09:53:40.571
tf,NFO,79547,,,,,118.60,38.71,,1745209421,,,,107.07,28662900,,,118.60,118.90,2250,450,2025-04-21 09:53:40.680
tf,NFO,79547,,,,,119.05,39.24,,1745209421,,,,,,,,,,,,2025-04-21 09:53:41.543
tf,NFO,79547,,,,,118.35,38.42,,1745209422,,,,107.08,28680225,,,118.35,118.60,225,300,2025-04-21 09:53:42.290
tf,NFO,79547,,,,,118.60,38.71,,1745209422,,,,,,,,,,,,2025-04-21 09:53:42.556
tf,NFO,79547,,,,,117.30,37.19,,1745209423,,,,,,,,,,,,2025-04-21 09:53:43.541
tf,NFO,79547,,,,,117.25,37.13,,1745209424,,,,107.09,28733025,,,117.35,117.60,825,2025,2025-04-21 09:53:44.086
tf,NFO,79547,,,,,118.20,38.25,,1745209424,,,,,,,,,,,,2025-04-21 09:53:44.565
tf,NFO,79547,,,,,117.50,37.43,,1745209425,,,,,,,,,,,,2025-04-21 09:53:45.655
tf,NFO,79547,,,,,,,,1745209426,,,,107.10,28740525,,,117.40,117.70,1500,1200,2025-04-21 09:53:45.691
tf,NFO,79547,,,,,117.40,37.31,,1745209426,,,,,,,,,,,,2025-04-21 09:53:46.672
tf,NFO,79547,,,,,118.00,38.01,,1745209427,,,,,28747650,,,117.75,118.00,300,1500,2025-04-21 09:53:47.291
tf,NFO,79547,,,,,118.25,38.30,,1745209427,,,,,,,,,,,,2025-04-21 09:53:47.541
tf,NFO,79547,,,,,118.00,38.01,,1745209428,,,,,,,,,,,,2025-04-21 09:53:48.542
tf,NFO,79547,,,,,,,,1745209429,,,,,28755225,,,117.90,118.10,150,300,2025-04-21 09:53:49.092
tf,NFO,79547,,,,,117.45,37.37,,1745209430,,,,,,,,,,,,2025-04-21 09:53:50.544
tf,NFO,79547,,,,,117.35,37.25,,1745209431,,,,107.11,28767450,,,117.55,117.80,225,150,2025-04-21 09:53:50.693
tf,NFO,79547,,,,,118.30,38.36,,1745209431,,,,,,,,,,,,2025-04-21 09:53:51.543
tf,NFO,79547,,,,,117.85,37.84,,1745209432,,,,,28774275,,,117.75,118.00,525,975,2025-04-21 09:53:52.413
tf,NFO,79547,,,,,117.75,37.72,,1745209432,,,,,,,,,,,,2025-04-21 09:53:52.574
tf,NFO,79547,,,,,117.85,37.84,,1745209433,,,,,,,,,,,,2025-04-21 09:53:53.635
tf,NFO,79547,,,,,117.45,37.37,,1745209434,,,,107.12,28787175,,,117.45,117.65,375,75,2025-04-21 09:53:54.100
tf,NFO,79547,,,,,117.35,37.25,,1745209434,,,,,,,,,,,,2025-04-21 09:53:54.614
tf,NFO,79547,,,,,117.30,37.19,,1745209435,,,,,,,,,,,,2025-04-21 09:53:55.551
tf,NFO,79547,,,,,117.45,37.37,,1745209436,,,,,28798575,,,117.50,117.75,,300,2025-04-21 09:53:55.708
tf,NFO,79547,,,,,117.90,37.89,,1745209436,,,,,,,,,,,,2025-04-21 09:53:56.561
tf,NFO,79547,,,,,116.75,36.55,,1745209437,,,,,28805925,,,116.65,116.85,150,,2025-04-21 09:53:57.308
tf,NFO,79547,,,,,116.50,36.26,,1745209437,,,,,,,,,,,,2025-04-21 09:53:57.548
tf,NFO,79547,,,,,117.15,37.02,,1745209438,,,,,,,,,,,,2025-04-21 09:53:58.549
tf,NFO,79547,,,,,117.95,37.95,,1745209439,,,,,28811775,,,117.65,117.95,1200,750,2025-04-21 09:53:59.147
tf,NFO,79547,,,,,117.65,37.60,,1745209439,,,,,,,,,,,,2025-04-21 09:53:59.621
tf,NFO,79547,,,,,118.00,38.01,,1745209440,,,,,,,,,,,,2025-04-21 09:54:00.636
tf,NFO,79547,,,,,118.05,38.07,,1745209441,,,,107.13,28815750,,,118.05,118.30,375,300,2025-04-21 09:54:00.804
tf,NFO,79547,,,,,117.45,37.37,,1745209441,,,,,,,,,,,,2025-04-21 09:54:01.625
tf,NFO,79547,,,,,117.80,37.78,,1745209442,,,,,28825050,,,117.70,118.00,975,2175,2025-04-21 09:54:02.313
tf,NFO,79547,,,,,117.75,37.72,,1745209442,,,,,,,,,,,,2025-04-21 09:54:02.556
tf,NFO,79547,,,,,117.60,37.54,,1745209443,,,,,,,,,,,,2025-04-21 09:54:03.554
tf,NFO,79547,,,,,116.80,36.61,,1745209444,,,,,28832025,,,116.80,117.10,,1050,2025-04-21 09:54:04.116
tf,NFO,79547,,,,,117.30,37.19,,1745209444,,,,,,,,,,,,2025-04-21 09:54:04.558
tf,NFO,79547,,,,,117.35,37.25,,1745209445,,,,,,,,,,,,2025-04-21 09:54:05.576
tf,NFO,79547,,,,,116.70,36.49,,1745209446,,,,,28840350,,,116.50,116.60,2175,150,2025-04-21 09:54:05.795
tf,NFO,79547,,,,,116.60,36.37,,1745209446,,,,,,,,,,,,2025-04-21 09:54:06.589
tf,NFO,79547,,,,,116.90,36.73,,1745209447,,,,107.14,28850325,,,116.85,117.15,600,1800,2025-04-21 09:54:07.318
tf,NFO,79547,,,,,117.80,37.78,,1745209447,,,,,,,,,,,,2025-04-21 09:54:07.556
tf,NFO,79547,,,,,116.95,36.78,,1745209448,,,,,,,,,,,,2025-04-21 09:54:08.560
tf,NFO,79547,,,,,117.35,37.25,,1745209449,,,,,28861875,,,117.05,117.30,450,1050,2025-04-21 09:54:09.122
tf,NFO,79547,,,,,117.25,37.13,,1745209449,,,,,,,,,,,,2025-04-21 09:54:09.558
tf,NFO,79547,,,,,117.00,36.84,,1745209450,,,,,,,,,,,,2025-04-21 09:54:10.559
tf,NFO,79547,,,,,116.40,36.14,,1745209451,,,,,28870275,,,116.20,116.40,1800,1800,2025-04-21 09:54:10.723
tf,NFO,79547,,,,,116.80,36.61,,1745209451,,,,,,,,,,,,2025-04-21 09:54:11.559
tf,NFO,79547,,,,,116.55,36.32,,1745209452,,,,107.15,28874925,,,116.65,116.90,600,375,2025-04-21 09:54:12.326
tf,NFO,79547,,,,,116.50,36.26,,1745209452,,,,,,,,,,,,2025-04-21 09:54:12.922
tf,NFO,79547,,,,,116.30,36.02,,1745209453,,,,,,,,,,,,2025-04-21 09:54:13.562
tf,NFO,79547,,,,,116.55,36.32,,1745209454,,,,,28884600,,,116.30,116.55,1950,300,2025-04-21 09:54:14.170
tf,NFO,79547,,,,,116.35,36.08,,1745209454,,,,,,,,,,,,2025-04-21 09:54:14.560
tf,NFO,79547,,,,,116.65,36.43,,1745209455,,,,,,,,,,,,2025-04-21 09:54:15.585
tf,NFO,79547,,,,,116.60,36.37,,1745209456,,,,,28888650,,,116.50,116.70,3150,75,2025-04-21 09:54:15.766
tf,NFO,79547,,,,,117.70,37.66,,1745209456,,,,,,,,,,,,2025-04-21 09:54:16.574
tf,NFO,79547,,,,,117.60,37.54,,1745209457,,,,,28892550,,,117.30,117.50,750,,2025-04-21 09:54:17.421
tf,NFO,79547,,,,,117.55,37.49,,1745209457,,,,,,,,,,,,2025-04-21 09:54:17.633
tf,NFO,79547,,,,,117.75,37.72,,1745209458,,,,,,,,,,,,2025-04-21 09:54:18.607
tf,NFO,79547,,,,,118.00,38.01,,1745209459,,,,107.16,28908825,,,118.00,118.15,375,375,2025-04-21 09:54:19.285
tf,NFO,79547,,,,,118.90,39.06,,1745209460,,,,,,,,,,,,2025-04-21 09:54:20.125
tf,NFO,79547,,,,,118.80,38.95,,1745209460,,,,,,,,,,,,2025-04-21 09:54:20.587
tf,NFO,79547,,,,,118.85,39.01,,1745209461,,,,107.17,28940775,,,118.75,119.00,,675,2025-04-21 09:54:20.737
tf,NFO,79547,,,,,118.60,38.71,,1745209461,,,,,,,,,,,,2025-04-21 09:54:21.574
tf,NFO,79547,,,,,118.70,38.83,,1745209462,,,,107.18,28956750,,,118.80,119.05,225,450,2025-04-21 09:54:22.483
tf,NFO,79547,,,,,118.10,38.13,,1745209462,,,,,,,,,,,,2025-04-21 09:54:22.671
tf,NFO,79547,,,,,118.85,39.01,,1745209463,,,,,,,,,,,,2025-04-21 09:54:23.565
tf,NFO,79547,,,,,118.65,38.77,,1745209464,,,,,28969800,,,118.65,118.85,,150,2025-04-21 09:54:24.142
tf,NFO,79547,,,,,118.75,38.89,,1745209464,,,,,,,,,,,,2025-04-21 09:54:24.617
tf,NFO,79547,,,,,118.45,38.54,,1745209465,,,,,,,,,,,,2025-04-21 09:54:25.673
tf,NFO,79547,,,,,,,,1745209466,,,,107.19,28977150,,,118.00,118.30,1200,1125,2025-04-21 09:54:25.753
tf,NFO,79547,,,,,118.90,39.06,,1745209466,,,,,,,,,,,,2025-04-21 09:54:26.839
tf,NFO,79547,,,,,118.25,38.30,,1745209467,,,,,28982850,,,118.05,118.35,675,1275,2025-04-21 09:54:27.351
tf,NFO,79547,,,,,117.95,37.95,,1745209467,,,,,,,,,,,,2025-04-21 09:54:27.578
tf,NFO,79547,,,,,117.75,37.72,,1745209468,,,,,,,,,,,,2025-04-21 09:54:28.568
tf,NFO,79547,,,,,118.15,38.19,,1745209469,,,,,28991775,,,,,750,900,2025-04-21 09:54:29.157
tf,NFO,79547,,,,,118.90,39.06,,1745209469,,,,,,,,,,,,2025-04-21 09:54:29.634
tf,NFO,79547,,,,,117.45,37.37,,1745209470,,,,,,,,,,,,2025-04-21 09:54:30.571
tf,NFO,79547,,,,,118.05,38.07,,1745209471,,,,,28997175,,,118.15,118.25,75,150,2025-04-21 09:54:30.754
tf,NFO,79547,,,,,118.30,38.36,,1745209471,,,,,,,,,,,,2025-04-21 09:54:31.615
tf,NFO,79547,,,,,117.95,37.95,,1745209472,,,,107.20,29004750,,,117.80,118.10,450,375,2025-04-21 09:54:32.398
tf,NFO,79547,,,,,118.05,38.07,,1745209472,,,,,,,,,,,,2025-04-21 09:54:32.780
tf,NFO,79547,,,,,117.65,37.60,,1745209473,,,,,,,,,,,,2025-04-21 09:54:33.627
tf,NFO,79547,,,,,118.25,38.30,,1745209474,,,,,29012175,,,118.15,118.25,75,,2025-04-21 09:54:34.191
tf,NFO,79547,,,,,117.50,37.43,,1745209474,,,,,,,,,,,,2025-04-21 09:54:34.621
tf,NFO,79547,,,,,117.70,37.66,,1745209475,,,,,,,,,,,,2025-04-21 09:54:35.735
tf,NFO,79547,,,,,117.75,37.72,,1745209476,,,,,29024475,,,117.55,117.75,,1200,2025-04-21 09:54:35.769
tf,NFO,79547,,,,,118.55,38.65,,1745209476,,,,,,,,,,,,2025-04-21 09:54:36.588
tf,NFO,79547,,,,,118.65,38.77,,1745209477,,,,,29029350,,,118.60,118.85,1350,3075,2025-04-21 09:54:37.365
tf,NFO,79547,,,,,118.25,38.30,,1745209477,,,,,,,,,,,,2025-04-21 09:54:37.618
tf,NFO,79547,,,,,117.75,37.72,,1745209478,,,,,,,,,,,,2025-04-21 09:54:38.711
tf,NFO,79547,,,,,117.90,37.89,,1745209479,,,,107.21,29040225,,,117.80,118.05,1050,375,2025-04-21 09:54:39.055
tf,NFO,79547,,,,,118.75,38.89,,1745209479,,,,,,,,,,,,2025-04-21 09:54:39.581
tf,NFO,79547,,,,,118.65,38.77,,1745209480,,,,,,4233825,,,,,,2025-04-21 09:54:40.577
tf,NFO,79547,,,,,118.50,38.60,,1745209481,,,,,29046825,,,118.50,118.80,2850,450,2025-04-21 09:54:40.775
tf,NFO,79547,,,,,118.65,38.77,,1745209481,,,,,,,,,,,,2025-04-21 09:54:41.580
tf,NFO,79547,,,,,118.75,38.89,,1745209482,,,,107.22,29062800,,,,118.70,75,150,2025-04-21 09:54:42.402
tf,NFO,79547,,,,,118.80,38.95,,1745209482,,,,,,,,,,,,2025-04-21 09:54:42.593
tf,NFO,79547,,,,,117.95,37.95,,1745209483,,,,,,,,,,,,2025-04-21 09:54:43.584
tf,NFO,79547,,,,,117.70,37.66,,1745209484,,,,,29070375,,,117.75,118.00,900,75,2025-04-21 09:54:43.985
tf,NFO,79547,,,,,118.10,38.13,,1745209484,,,,,,,,,,,,2025-04-21 09:54:44.580
tf,NFO,79547,,,,,118.80,38.95,,1745209485,,,,,,,,,,,,2025-04-21 09:54:45.629
tf,NFO,79547,,,,,118.45,38.54,,1745209486,,,,,29079375,,,118.45,118.70,150,300,2025-04-21 09:54:45.782
tf,NFO,79547,,,,,118.40,38.48,,1745209486,,,,,,,,,,,,2025-04-21 09:54:46.688
tf,NFO,79547,,,,,118.65,38.77,,1745209487,,,,107.23,29086200,,,118.70,118.95,375,,2025-04-21 09:54:47.521
tf,NFO,79547,,,,,118.60,38.71,,1745209487,,,,,,,,,,,,2025-04-21 09:54:47.656
tf,NFO,79547,,,,,118.75,38.89,,1745209488,,,,,,,,,,,,2025-04-21 09:54:48.582
tf,NFO,79547,,,,,118.95,39.12,,1745209489,,,,,29097375,,,118.80,119.05,75,525,2025-04-21 09:54:49.026
tf,NFO,79547,,,,,118.80,38.95,,1745209489,,,,,,,,,,,,2025-04-21 09:54:49.582
tf,NFO,79547,,,,,118.95,39.12,,1745209490,,,,,,,,,,,,2025-04-21 09:54:50.585
tf,NFO,79547,,,,,,,,1745209491,,,,,29106375,,,118.70,118.95,1350,150,2025-04-21 09:54:50.791
tf,NFO,79547,,,,,118.65,38.77,,1745209491,,,,,,,,,,,,2025-04-21 09:54:51.587
tf,NFO,79547,,,,,119.20,39.42,,1745209492,,,,107.24,29118300,,,119.25,119.45,1050,,2025-04-21 09:54:52.452
tf,NFO,79547,,,,,119.35,39.59,,1745209492,,,,,,,,,,,,2025-04-21 09:54:52.594
tf,NFO,79547,,,,,119.60,39.88,,1745209493,,,,,,,,,,,,2025-04-21 09:54:53.585
tf,NFO,79547,,,,,119.40,39.65,,1745209494,,,,107.26,29177100,,,119.45,119.70,1800,75,2025-04-21 09:54:54.000
tf,NFO,79547,,,,,120.10,40.47,,1745209494,,,,,,,,,,,,2025-04-21 09:54:54.585
tf,NFO,79547,,,,,119.75,40.06,,1745209495,,,,,,,,,,,,2025-04-21 09:54:55.589
tf,NFO,79547,,,,,119.20,39.42,,1745209496,,,,107.27,29195175,,,119.30,119.60,1275,225,2025-04-21 09:54:55.799
tf,NFO,79547,,,,,119.55,39.82,,1745209496,,,,,,,,,,,,2025-04-21 09:54:56.587
tf,NFO,79547,,,,,119.10,39.30,,1745209497,,,,107.28,29203875,,,118.80,119.05,375,900,2025-04-21 09:54:57.458
tf,NFO,79547,,,,,119.30,39.53,,1745209497,,,,,,,,,,,,2025-04-21 09:54:57.642
tf,NFO,79547,,,,,119.45,39.71,,1745209498,,,,,,,,,,,,2025-04-21 09:54:58.864
tf,NFO,79547,,,,,119.60,39.88,,1745209499,,,,,29217975,,,119.55,119.85,900,1200,2025-04-21 09:54:59.112
tf,NFO,79547,,,,,120.20,40.58,,1745209499,,,,,,,,,,,,2025-04-21 09:54:59.802
tf,NFO,79547,,,,,119.80,40.12,,1745209500,,,,,,,,,,,,2025-04-21 09:55:00.624
tf,NFO,79547,,,,,120.00,40.35,,1745209501,,,,107.29,29242500,,,119.70,119.95,975,375,2025-04-21 09:55:00.809
tf,NFO,79547,,,,,118.80,38.95,,1745209501,,,,,,,,,,,,2025-04-21 09:55:01.601
tf,NFO,79547,,,,,118.50,38.60,,1745209502,,,,107.30,29265750,,,118.45,118.75,1425,75,2025-04-21 09:55:02.416
tf,NFO,79547,,,,,118.90,39.06,,1745209502,,,,,,,,,,,,2025-04-21 09:55:02.592
tf,NFO,79547,,,,,119.00,39.18,,1745209503,,,,,,,,,,,,2025-04-21 09:55:03.590
tf,NFO,79547,,,,,118.60,38.71,,1745209504,,,,107.31,29281050,,,118.50,118.80,825,1950,2025-04-21 09:55:04.031
tf,NFO,79547,,,,,119.55,39.82,,1745209504,,,,,,,,,,,,2025-04-21 09:55:04.590
tf,NFO,79547,,,,,119.90,40.23,,1745209505,,,,,,,,,,,,2025-04-21 09:55:05.761
tf,NFO,79547,,,,,119.80,40.12,,1745209506,,,,,29295375,,,119.55,119.75,900,75,2025-04-21 09:55:05.933
tf,NFO,79547,,,,,119.90,40.23,,1745209506,,,,,,,,,,,,2025-04-21 09:55:06.607
tf,NFO,79547,,,,,119.65,39.94,,1745209507,,,,107.32,29313300,,,119.60,119.85,375,225,2025-04-21 09:55:07.427
tf,NFO,79547,,,,,120.30,40.70,,1745209508,,,,,,,,,,,,2025-04-21 09:55:08.705
tf,NFO,79547,,,,,120.55,40.99,,1745209509,,,,107.33,29326875,,,120.30,120.60,300,1875,2025-04-21 09:55:09.026
tf,NFO,79547,,,,,119.60,39.88,,1745209509,,,,,,,,,,,,2025-04-21 09:55:09.602
tf,NFO,79547,,,,,120.35,40.76,,1745209510,,,,,,,,,,,,2025-04-21 09:55:10.597
tf,NFO,79547,,,,,120.05,40.41,,1745209511,,,,107.34,29348175,,,120.05,120.25,675,75,2025-04-21 09:55:10.828
tf,NFO,79547,,,,,121.00,41.52,,1745209511,,,,,,,,,,,,2025-04-21 09:55:11.598
tf,NFO,79547,,,,,120.10,40.47,,1745209512,,,,107.35,29377650,,,120.00,120.20,150,300,2025-04-21 09:55:12.534
tf,NFO,79547,,,,,120.55,40.99,,1745209512,,,,,,,,,,,,2025-04-21 09:55:12.703
tf,NFO,79547,,,,,120.95,41.46,,1745209513,,,,,,,,,,,,2025-04-21 09:55:13.619
tf,NFO,79547,,,,,121.10,41.64,,1745209514,,,,107.36,29393925,,,120.80,121.10,900,825,2025-04-21 09:55:14.035
tf,NFO,79547,,,,,121.45,42.05,,1745209514,,,,,,,,,,,,2025-04-21 09:55:14.606
tf,NFO,79547,,,,,122.70,43.51,,1745209515,,,,,,,,,,,,2025-04-21 09:55:15.602
tf,NFO,79547,,,,,122.20,42.92,,1745209516,,,,107.40,29470875,,,122.10,122.40,1050,75,2025-04-21 09:55:15.831
tf,NFO,79547,,,,,122.45,43.22,,1745209516,,,,,,,,,,,,2025-04-21 09:55:16.623
tf,NFO,79547,,,,,126.70,48.19,,1745209517,,,,107.48,29615400,,,126.70,126.90,75,225,2025-04-21 09:55:17.434
tf,NFO,79547,,,,,126.25,47.66,,1745209517,,,,,,,,,,,,2025-04-21 09:55:17.606
tf,NFO,79547,,,,,127.20,48.77,,1745209518,,,,,,,,,,,,2025-04-21 09:55:18.705
tf,NFO,79547,,,,,127.55,49.18,,1745209519,,,,107.53,29691825,,,127.15,127.50,900,75,2025-04-21 09:55:19.058
tf,NFO,79547,,,,,126.35,47.78,,1745209519,,,,,,,,,,,,2025-04-21 09:55:19.865
tf,NFO,79547,,,,,126.25,47.66,,1745209520,,,,,,,,,,,,2025-04-21 09:55:20.603
tf,NFO,79547,,,,,127.15,48.71,,1745209521,,,,107.57,29754825,,,,127.45,600,300,2025-04-21 09:55:20.839
tf,NFO,79547,,,,,128.45,50.23,,1745209521,,,,,,,,,,,,2025-04-21 09:55:21.606
tf,NFO,79547,,,,,,,,1745209522,,129.25,,107.63,29843625,,,128.15,128.45,825,225,2025-04-21 09:55:22.443
tf,NFO,79547,,,,,129.85,51.87,,1745209523,,,,,,,,,,,,2025-04-21 09:55:22.805
tf,NFO,79547,,,,,130.00,52.05,,1745209523,,,,,,,,,,,,2025-04-21 09:55:23.607
tf,NFO,79547,,,,,129.15,51.05,,1745209524,,130.50,,107.74,29991750,,,129.15,129.50,750,375,2025-04-21 09:55:24.046
tf,NFO,79547,,,,,130.10,52.16,,1745209524,,,,,,,,,,,,2025-04-21 09:55:24.609
tf,NFO,79547,,,,,128.95,50.82,,1745209525,,,,,,,,,,,,2025-04-21 09:55:25.694
tf,NFO,79547,,,,,129.00,50.88,,1745209526,,130.60,,107.78,30045000,,,128.80,129.10,525,450,2025-04-21 09:55:25.917
tf,NFO,79547,,,,,129.60,51.58,,1745209526,,,,,,,,,,,,2025-04-21 09:55:26.608
tf,NFO,79547,,,,,130.10,52.16,,1745209527,,131.65,,107.83,30115875,,,130.05,130.40,750,825,2025-04-21 09:55:27.452
tf,NFO,79547,,,,,130.30,52.40,,1745209528,,,,,,,,,,,,2025-04-21 09:55:28.612
tf,NFO,79547,,,,,130.10,52.16,,1745209529,,,,107.87,30159525,,,130.10,130.35,75,525,2025-04-21 09:55:29.056
tf,NFO,79547,,,,,129.95,51.99,,1745209529,,,,,,,,,,,,2025-04-21 09:55:29.611
tf,NFO,79547,,,,,130.20,52.28,,1745209530,,,,,,,,,,,,2025-04-21 09:55:30.611
tf,NFO,79547,,,,,,,,1745209531,,,,107.92,30229800,,,130.05,130.30,,300,2025-04-21 09:55:30.856
tf,NFO,79547,,,,,130.15,52.22,,1745209531,,,,,,,,,,,,2025-04-21 09:55:31.612
tf,NFO,79547,,,,,130.10,52.16,,1745209532,,,,107.95,30268500,,,130.10,130.35,,750,2025-04-21 09:55:32.625
tf,NFO,79547,,,,,130.05,52.11,,1745209532,,,,,,,,,,,,2025-04-21 09:55:32.856
tf,NFO,79547,,,,,130.55,52.69,,1745209533,,,,,,,,,,,,2025-04-21 09:55:33.628
tf,NFO,79547,,,,,130.00,52.05,,1745209534,,,,107.97,30302025,,,129.85,130.15,525,150,2025-04-21 09:55:34.063
tf,NFO,79547,,,,,129.80,51.81,,1745209534,,,,,,,,,,,,2025-04-21 09:55:34.617
tf,NFO,79547,,,,,128.30,50.06,,1745209535,,,,,,,,,,,,2025-04-21 09:55:35.633
tf,NFO,79547,,,,,127.75,49.42,,1745209536,,,,108.00,30343125,,,127.75,128.00,225,225,2025-04-21 09:55:35.868
tf,NFO,79547,,,,,128.10,49.82,,1745209536,,,,,,,,,,,,2025-04-21 09:55:36.613
tf,NFO,79547,,,,,129.40,51.35,,1745209537,,,,108.02,30375825,,,129.15,129.45,,825,2025-04-21 09:55:37.464
tf,NFO,79547,,,,,129.25,51.17,,1745209537,,,,,,,,,,,,2025-04-21 09:55:37.616
tf,NFO,79547,,,,,129.60,51.58,,1745209538,,,,,,,,,,,,2025-04-21 09:55:38.689
tf,NFO,79547,,,,,129.05,50.94,,1745209539,,,,108.04,30403650,,,129.05,129.35,375,375,2025-04-21 09:55:39.134
tf,NFO,79547,,,,,129.70,51.70,,1745209539,,,,,,,,,,,,2025-04-21 09:55:39.757
tf,NFO,79547,,,,,129.80,51.81,,1745209540,,,,,,,,,,,,2025-04-21 09:55:40.754
tf,NFO,79547,,,,,129.95,51.99,,1745209541,,,,108.06,30426900,,,129.75,129.95,75,300,2025-04-21 09:55:40.765
tf,NFO,79547,,,,,130.35,52.46,,1745209542,,,,108.07,30450150,,,130.05,130.35,525,675,2025-04-21 09:55:42.471
tf,NFO,79547,,,,,130.30,52.40,,1745209542,,,,,,,,,,,,2025-04-21 09:55:42.622
tf,NFO,79547,,,,,131.10,53.33,,1745209544,,,,,,,,,,,,2025-04-21 09:55:43.838
tf,NFO,79547,,,,,131.05,53.27,,1745209544,,131.75,,108.11,30492150,,,131.05,131.35,375,75,2025-04-21 09:55:44.076
tf,NFO,79547,,,,,130.35,52.46,,1745209544,,,,,,,,,,,,2025-04-21 09:55:44.622
tf,NFO,79547,,,,,129.30,51.23,,1745209545,,,,,,,,,,,,2025-04-21 09:55:45.651
tf,NFO,79547,,,,,129.50,51.46,,1745209546,,131.80,,108.13,30530925,,,129.15,129.45,450,675,2025-04-21 09:55:45.699
tf,NFO,79547,,,,,129.70,51.70,,1745209546,,,,,,,,,,,,2025-04-21 09:55:46.626
tf,NFO,79547,,,,,129.20,51.11,,1745209547,,,,108.16,30567075,,,129.25,129.50,525,225,2025-04-21 09:55:47.482
tf,NFO,79547,,,,,129.70,51.70,,1745209547,,,,,,,,,,,,2025-04-21 09:55:47.631
tf,NFO,79547,,,,,129.50,51.46,,1745209548,,,,,,,,,,,,2025-04-21 09:55:48.636
tf,NFO,79547,,,,,129.80,51.81,,1745209549,,,,108.18,30591675,,,129.50,129.80,150,2250,2025-04-21 09:55:49.084
tf,NFO,79547,,,,,130.05,52.11,,1745209549,,,,,,,,,,,,2025-04-21 09:55:49.632
tf,NFO,79547,,,,,129.75,51.75,,1745209550,,,,,,,,,,,,2025-04-21 09:55:50.630
tf,NFO,79547,,,,,129.80,51.81,,1745209551,,,,108.19,30612000,,,129.80,130.10,75,1350,2025-04-21 09:55:50.688
tf,NFO,79547,,,,,129.75,51.75,,1745209551,,,,,,,,,,,,2025-04-21 09:55:51.656
tf,NFO,79547,,,,,129.20,51.11,,1745209552,,,,108.21,30643575,,,129.10,129.40,525,1125,2025-04-21 09:55:52.489
tf,NFO,79547,,,,,128.70,50.53,,1745209552,,,,,,,,,,,,2025-04-21 09:55:52.665
tf,NFO,79547,,,,,126.45,47.89,,1745209553,,,,,,,,,,,,2025-04-21 09:55:53.641
tf,NFO,79547,,,,,127.25,48.83,,1745209554,,,,108.25,30697200,,,126.95,127.25,,225,2025-04-21 09:55:54.092
tf,NFO,79547,,,,,126.85,48.36,,1745209554,,,,,,,,,,,,2025-04-21 09:55:54.633
tf,NFO,79547,,,,,127.45,49.06,,1745209555,,,,,,,,,,,,2025-04-21 09:55:55.631
tf,NFO,79547,,,,,127.20,48.77,,1745209556,,,,108.27,30742200,,,127.20,127.45,825,150,2025-04-21 09:55:55.694
tf,NFO,79547,,,,,126.60,48.07,,1745209556,,,,,,,,,,,,2025-04-21 09:55:56.636
tf,NFO,79547,,,,,126.75,48.25,,1745209557,,,,108.29,30769650,,,126.80,127.05,225,225,2025-04-21 09:55:57.495
tf,NFO,79547,,,,,126.85,48.36,,1745209557,,,,,,,,,,,,2025-04-21 09:55:57.631
tf,NFO,79547,,,,,124.75,45.91,,1745209558,,,,,,,,,,,,2025-04-21 09:55:58.644
tf,NFO,79547,,,,,124.05,45.09,,1745209559,,,,108.33,30836325,,,123.65,123.95,450,,2025-04-21 09:55:59.186
tf,NFO,79547,,,,,123.50,44.44,,1745209559,,,,,,,,,,,,2025-04-21 09:55:59.635
tf,NFO,79547,,,,,121.95,42.63,,1745209561,,,,108.35,30892200,,,122.00,122.30,375,1275,2025-04-21 09:56:00.703
tf,NFO,79547,,,,,122.55,43.33,,1745209561,,,,,,,,,,,,2025-04-21 09:56:00.834
tf,NFO,79547,,,,,123.85,44.85,,1745209561,,,,,,,,,,,,2025-04-21 09:56:01.639
tf,NFO,79547,,,,,122.95,43.80,,1745209562,,,,108.37,30924000,,,122.95,123.25,600,975,2025-04-21 09:56:02.503
tf,NFO,79547,,,,,123.00,43.86,,1745209562,,,,,,,,,,,,2025-04-21 09:56:02.634
tf,NFO,79547,,,,,123.20,44.09,,1745209563,,,,,,,,,,,,2025-04-21 09:56:03.636
tf,NFO,79547,,,,,122.35,43.10,,1745209564,,,,108.39,30959850,,,122.10,122.40,825,,2025-04-21 09:56:04.110
tf,NFO,79547,,,,,122.45,43.22,,1745209564,,,,,,,,,,,,2025-04-21 09:56:04.635
tf,NFO,79547,,,,,122.80,43.63,,1745209565,,,,,,,,,,,,2025-04-21 09:56:05.761
tf,NFO,79547,,,,,122.55,43.33,,1745209566,,,,,30978750,,,122.65,122.95,150,1275,2025-04-21 09:56:05.786
tf,NFO,79547,,,,,123.60,44.56,,1745209567,,,,,,,,,,,,2025-04-21 09:56:06.651
tf,NFO,79547,,,,,123.55,44.50,,1745209567,,,,108.40,30993150,,,123.35,123.60,225,525,2025-04-21 09:56:07.510
tf,NFO,79547,,,,,123.65,44.62,,1745209568,,,,,,,,,,,,2025-04-21 09:56:07.637
tf,NFO,79547,,,,,124.25,45.32,,1745209569,,,,,,,,,,,,2025-04-21 09:56:08.639
tf,NFO,79547,,,,,125.55,46.84,,1745209569,,,,108.41,31019325,,,125.20,125.45,375,450,2025-04-21 09:56:09.122
tf,NFO,79547,,,,,126.00,47.37,,1745209570,,,,,,,,,,,,2025-04-21 09:56:09.640
tf,NFO,79547,,,,,125.60,46.90,,1745209571,,,,,,,,,,,,2025-04-21 09:56:10.634
tf,NFO,79547,,,,,125.75,47.08,,1745209571,,,,108.43,31039200,,,125.55,125.85,150,525,2025-04-21 09:56:10.717
tf,NFO,79547,,,,,124.80,45.96,,1745209572,,,,,,,,,,,,2025-04-21 09:56:11.765
tf,NFO,79547,,,,,125.65,46.96,,1745209572,,,,,31050225,,,125.40,125.70,825,1275,2025-04-21 09:56:12.537
tf,NFO,79547,,,,,125.60,46.90,,1745209573,,,,,,,,,,,,2025-04-21 09:56:12.702
tf,NFO,79547,,,,,125.65,46.96,,1745209574,,,,,,,,,,,,2025-04-21 09:56:13.726
tf,NFO,79547,,,,,125.35,46.61,,1745209574,,,,108.44,31060575,,,125.35,125.60,675,525,2025-04-21 09:56:14.143
tf,NFO,79547,,,,,125.70,47.02,,1745209575,,,,,,,,,,,,2025-04-21 09:56:14.748
tf,NFO,79547,,,,,125.90,47.25,,1745209576,,,,,,,,,,,,2025-04-21 09:56:15.642
tf,NFO,79547,,,,,126.05,47.43,,1745209576,,,,,31068600,,,125.85,126.05,,75,2025-04-21 09:56:15.725
tf,NFO,79547,,,,,125.00,46.20,,1745209577,,,,,,,,,,,,2025-04-21 09:56:16.660
tf,NFO,79547,,,,,125.30,46.55,,1745209577,,,,108.45,31079775,,,125.10,125.35,375,450,2025-04-21 09:56:17.528
tf,NFO,79547,,,,,125.50,46.78,,1745209578,,,,,,,,,,,,2025-04-21 09:56:17.643
tf,NFO,79547,,,,,125.60,46.90,,1745209579,,,,,,,,,,,,2025-04-21 09:56:18.656
tf,NFO,79547,,,,,124.90,46.08,,1745209579,,,,108.46,31093425,,,124.80,125.00,75,75,2025-04-21 09:56:19.256
tf,NFO,79547,,,,,124.85,46.02,,1745209580,,,,,,,,,,,,2025-04-21 09:56:19.644
tf,NFO,79547,,,,,125.10,46.32,,1745209581,,,,,,,,,,,,2025-04-21 09:56:20.641
tf,NFO,79547,,,,,,,,1745209581,,,,,31104975,,,124.85,125.05,,150,2025-04-21 09:56:20.733
tf,NFO,79547,,,,,124.20,45.26,,1745209582,,,,,,,,,,,,2025-04-21 09:56:21.643
tf,NFO,79547,,,,,123.80,44.80,,1745209582,,,,108.47,31126500,,,123.60,123.85,375,300,2025-04-21 09:56:22.535
tf,NFO,79547,,,,,123.90,44.91,,1745209583,,,,,,,,,,,,2025-04-21 09:56:22.645
tf,NFO,79547,,,,,123.00,43.86,,1745209584,,,,,,,,,,,,2025-04-21 09:56:23.644
tf,NFO,79547,,,,,122.55,43.33,,1745209584,,,,108.48,31148625,,,122.55,122.80,75,150,2025-04-21 09:56:24.138
tf,NFO,79547,,,,,123.65,44.62,,1745209585,,,,,,,,,,,,2025-04-21 09:56:24.647
tf,NFO,79547,,,,,122.40,43.16,,1745209586,,,,,,,,,,,,2025-04-21 09:56:25.665
tf,NFO,79547,,,,,122.25,42.98,,1745209586,,,,108.49,31162200,,,122.20,122.45,7950,675,2025-04-21 09:56:25.808
tf,NFO,79547,,,,,122.20,42.92,,1745209587,,,,,,,,,,,,2025-04-21 09:56:26.645
tf,NFO,79547,,,,,121.15,41.70,,1745209587,,,,108.50,31196025,,,121.30,121.55,75,300,2025-04-21 09:56:27.552
tf,NFO,79547,,,,,121.10,41.64,,1745209588,,,,,,,,,,,,2025-04-21 09:56:27.656
tf,NFO,79547,,,,,120.50,40.94,,1745209589,,,,,,,,,,,,2025-04-21 09:56:28.653
tf,NFO,79547,,,,,121.15,41.70,,1745209589,,,,108.52,31233525,,,121.15,121.40,225,150,2025-04-21 09:56:29.146
tf,NFO,79547,,,,,122.10,42.81,,1745209590,,,,,,,,,,,,2025-04-21 09:56:29.649
tf,NFO,79547,,,,,121.60,42.22,,1745209591,,,,,,,,,,,,2025-04-21 09:56:30.652
tf,NFO,79547,,,,,121.85,42.51,,1745209591,,,,108.53,31255050,,,121.75,122.00,75,2250,2025-04-21 09:56:30.751
tf,NFO,79547,,,,,123.20,44.09,,1745209592,,,,,,,,,,,,2025-04-21 09:56:31.706
tf,NFO,79547,,,,,123.45,44.39,,1745209592,,,,108.54,31272825,,,123.20,123.45,300,300,2025-04-21 09:56:32.603
tf,NFO,79547,,,,,123.65,44.62,,1745209593,,,,,,,,,,,,2025-04-21 09:56:32.773
tf,NFO,79547,,,,,123.80,44.80,,1745209594,,,,,,,,,,,,2025-04-21 09:56:33.651
tf,NFO,79547,,,,,123.65,44.62,,1745209594,,,,,31287075,,,123.50,123.65,900,75,2025-04-21 09:56:34.153
tf,NFO,79547,,,,,124.00,45.03,,1745209595,,,,,,,,,,,,2025-04-21 09:56:34.654
tf,NFO,79547,,,,,123.00,43.86,,1745209596,,,,,,,,,,,,2025-04-21 09:56:35.653
tf,NFO,79547,,,,,123.15,44.04,,1745209596,,,,108.55,31292925,,,123.15,123.45,225,1200,2025-04-21 09:56:35.765
tf,NFO,79547,,,,,124.25,45.32,,1745209597,,,,,,,,,,,,2025-04-21 09:56:36.654
tf,NFO,79547,,,,,124.65,45.79,,1745209597,,,,,31309125,,,124.45,124.75,375,1050,2025-04-21 09:56:37.364
tf,NFO,79547,,,,,124.75,45.91,,1745209598,,,,,,,,,,,,2025-04-21 09:56:37.656
tf,NFO,79547,,,,,124.20,45.26,,1745209599,,,,,,,,,,,,2025-04-21 09:56:38.749
tf,NFO,79547,,,,,124.05,45.09,,1745209599,,,,108.56,31319850,,,123.80,124.00,,1125,2025-04-21 09:56:39.165
tf,NFO,79547,,,,,123.50,44.44,,1745209600,,,,,,,,,,,,2025-04-21 09:56:39.655
tf,NFO,79547,,,,,124.75,45.91,,1745209601,,,,,,,,,,,,2025-04-21 09:56:40.655
tf,NFO,79547,,,,,124.65,45.79,,1745209601,,,,108.57,31334175,,,124.50,124.80,900,600,2025-04-21 09:56:40.763
tf,NFO,79547,,,,,124.40,45.50,,1745209602,,,,,,,,,,,,2025-04-21 09:56:41.656
tf,NFO,79547,,,,,123.90,44.91,,1745209602,,,,,31343250,,,123.85,124.15,1050,375,2025-04-21 09:56:42.371
tf,NFO,79547,,,,,124.00,45.03,,1745209603,,,,,,,,,,,,2025-04-21 09:56:42.656
tf,NFO,79547,,,,,123.95,44.97,,1745209604,,,,,,,,,,,,2025-04-21 09:56:43.658
tf,NFO,79547,,,,,124.10,45.15,,1745209604,,,,108.58,31359300,,,123.95,124.20,150,525,2025-04-21 09:56:44.169
tf,NFO,79547,,,,,124.55,45.67,,1745209605,,,,,,,,,,,,2025-04-21 09:56:44.698
tf,NFO,79547,,,,,124.75,45.91,,1745209606,,,,,,,,,,,,2025-04-21 09:56:45.717
tf,NFO,79547,,,,,124.60,45.73,,1745209606,,,,108.59,31373775,,,124.45,124.65,600,150,2025-04-21 09:56:45.881
tf,NFO,79547,,,,,124.20,45.26,,1745209607,,,,,,,,,,,,2025-04-21 09:56:46.705
tf,NFO,79547,,,,,124.55,45.67,,1745209607,,,,,31386600,,,,124.70,300,75,2025-04-21 09:56:47.379
tf,NFO,79547,,,,,124.80,45.96,,1745209608,,,,,,,,,,,,2025-04-21 09:56:47.756
tf,NFO,79547,,,,,124.00,45.03,,1745209609,,,,,,,,,,,,2025-04-21 09:56:48.667
tf,NFO,79547,,,,,123.20,44.09,,1745209609,,,,108.60,31406850,,,123.00,123.20,3975,450,2025-04-21 09:56:49.177
tf,NFO,79547,,,,,122.80,43.63,,1745209610,,,,,,,,,,,,2025-04-21 09:56:49.659
tf,NFO,79547,,,,,123.55,44.50,,1745209611,,,,,,,,,,,,2025-04-21 09:56:50.661
tf,NFO,79547,,,,,123.95,44.97,,1745209611,,,,108.61,31418850,,,123.60,123.95,1875,1350,2025-04-21 09:56:50.780
tf,NFO,79547,,,,,123.65,44.62,,1745209612,,,,,,,,,,,,2025-04-21 09:56:52.285
tf,NFO,79547,,,,,123.90,44.91,,1745209612,,,,,31428375,,,123.65,,150,600,2025-04-21 09:56:52.440
tf,NFO,79547,,,,,123.75,44.74,,1745209613,,,,,,,,,,,,2025-04-21 09:56:52.679
tf,NFO,79547,,,,,123.80,44.80,,1745209614,,,,,,,,,,,,2025-04-21 09:56:53.662
tf,NFO,79547,,,,,123.50,44.44,,1745209614,,,,108.62,31439175,,,123.45,123.75,525,1050,2025-04-21 09:56:54.251
tf,NFO,79547,,,,,123.85,44.85,,1745209615,,,,,,,,,,,,2025-04-21 09:56:54.667
tf,NFO,79547,,,,,124.90,46.08,,1745209616,,,,,,,,,,,,2025-04-21 09:56:55.665
tf,NFO,79547,,,,,,,,1745209616,,,,,31445700,,,124.75,125.00,1050,2400,2025-04-21 09:56:55.787
tf,NFO,79547,,,,,124.05,45.09,,1745209617,,,,,,,,,,,,2025-04-21 09:56:56.666
tf,NFO,79547,,,,,124.95,46.14,,1745209617,,,,,31451250,,,124.65,124.90,225,750,2025-04-21 09:56:57.391
tf,NFO,79547,,,,,124.85,46.02,,1745209618,,,,,,,,,,,,2025-04-21 09:56:57.671
tf,NFO,79547,,,,,124.70,45.85,,1745209619,,,,,,,,,,,,2025-04-21 09:56:58.819
tf,NFO,79547,,,,,124.20,45.26,,1745209619,,,,108.63,31464225,,,124.10,124.35,150,900,2025-04-21 09:56:59.241
tf,NFO,79547,,,,,124.75,45.91,,1745209620,,,,,,,,,,,,2025-04-21 09:56:59.669
tf,NFO,79547,,,,,125.00,46.20,,1745209621,,,,,,,,,,,,2025-04-21 09:57:00.670
tf,NFO,79547,,,,,,,,1745209621,,,,,31472025,,,125.00,125.30,525,2025,2025-04-21 09:57:00.794
tf,NFO,79547,,,,,125.40,46.67,,1745209622,,,,,,,,,,,,2025-04-21 09:57:01.670
tf,NFO,79547,,,,,125.15,46.37,,1745209622,,,,108.64,31486050,,,125.20,125.45,450,300,2025-04-21 09:57:02.398
tf,NFO,79547,,,,,125.40,46.67,,1745209623,,,,,,,,,,,,2025-04-21 09:57:02.673
tf,NFO,79547,,,,,124.75,45.91,,1745209624,,,,108.65,31500675,,,124.75,124.90,225,75,2025-04-21 09:57:04.199
tf,NFO,79547,,,,,125.10,46.32,,1745209625,,,,,,,,,,,,2025-04-21 09:57:04.722
tf,NFO,79547,,,,,124.90,46.08,,1745209626,,,,,,,,,,,,2025-04-21 09:57:05.782
tf,NFO,79547,,,,,125.05,46.26,,1745209626,,,,,31510950,,,124.90,125.15,675,,2025-04-21 09:57:05.802
tf,NFO,79547,,,,,125.45,46.73,,1745209627,,,,,,,,,,,,2025-04-21 09:57:06.683
tf,NFO,79547,,,,,124.80,45.96,,1745209627,,,,108.66,31522275,,,124.70,124.95,450,525,2025-04-21 09:57:07.405
tf,NFO,79547,,,,,124.95,46.14,,1745209628,,,,,,,,,,,,2025-04-21 09:57:07.675
tf,NFO,79547,,,,,124.05,45.09,,1745209629,,,,,,,,,,,,2025-04-21 09:57:08.675
tf,NFO,79547,,,,,124.70,45.85,,1745209629,,,,108.67,31533675,,,124.65,,525,450,2025-04-21 09:57:09.210
tf,NFO,79547,,,,,125.00,46.20,,1745209630,,,,,,,,,,,,2025-04-21 09:57:09.677
tf,NFO,79547,,,,,125.50,46.78,,1745209631,,,,,,,,,,,,2025-04-21 09:57:10.676
tf,NFO,79547,,,,,125.20,46.43,,1745209631,,,,,31540275,,,125.05,125.30,300,300,2025-04-21 09:57:10.810
tf,NFO,79547,,,,,125.35,46.61,,1745209632,,,,,,,,,,,,2025-04-21 09:57:11.727
tf,NFO,79547,,,,,125.75,47.08,,1745209632,,,,,31545825,,,125.40,125.70,1800,1125,2025-04-21 09:57:12.528
tf,NFO,79547,,,,,125.40,46.67,,1745209633,,,,,,,,,,,,2025-04-21 09:57:12.755
tf,NFO,79547,,,,,125.35,46.61,,1745209634,,,,,,,,,,,,2025-04-21 09:57:13.679
tf,NFO,79547,,,,,125.70,47.02,,1745209634,,,,108.68,31560525,,,125.50,125.80,975,375,2025-04-21 09:57:14.220
tf,NFO,79547,,,,,126.00,47.37,,1745209635,,,,,,,,,,,,2025-04-21 09:57:14.681
tf,NFO,79547,,,,,125.75,47.08,,1745209636,,,,,,,,,,,,2025-04-21 09:57:15.683
tf,NFO,79547,,,,,,,,1745209636,,,,108.69,31571850,,,,125.70,75,450,2025-04-21 09:57:15.817
tf,NFO,79547,,,,,125.50,46.78,,1745209637,,,,,,,,,,,,2025-04-21 09:57:16.683
tf,NFO,79547,,,,,125.85,47.19,,1745209637,,,,,31585725,,,125.55,125.85,525,,2025-04-21 09:57:17.441
tf,NFO,79547,,,,,125.20,46.43,,1745209638,,,,,,,,,,,,2025-04-21 09:57:17.681
tf,NFO,79547,,,,,125.60,46.90,,1745209639,,,,,,,,,,,,2025-04-21 09:57:18.681
tf,NFO,79547,,,,,125.20,46.43,,1745209639,,,,108.70,31595625,,,125.20,125.45,600,225,2025-04-21 09:57:19.264
tf,NFO,79547,,,,,125.70,47.02,,1745209640,,,,,,,,,,,,2025-04-21 09:57:19.692
tf,NFO,79547,,,,,125.95,47.31,,1745209641,,,,,,,,,,,,2025-04-21 09:57:20.713
tf,NFO,79547,,,,,126.00,47.37,,1745209641,,,,108.71,31605975,,,126.05,126.25,150,300,2025-04-21 09:57:20.903
tf,NFO,79547,,,,,125.55,46.84,,1745209642,,,,,,,,,,,,2025-04-21 09:57:21.684
tf,NFO,79547,,,,,125.90,47.25,,1745209642,,,,,31611825,,,125.90,126.20,900,375,2025-04-21 09:57:22.452
tf,NFO,79547,,,,,125.70,47.02,,1745209644,,,,,,,,,,,,2025-04-21 09:57:23.686
tf,NFO,79547,,,,,,,,1745209644,,,,,31622325,,,125.70,126.00,825,2400,2025-04-21 09:57:24.234
tf,NFO,79547,,,,,126.35,47.78,,1745209645,,,,,,,,,,,,2025-04-21 09:57:24.788
tf,NFO,79547,,,,,125.25,46.49,,1745209646,,,,,,,,,,,,2025-04-21 09:57:25.689
tf,NFO,79547,,,,,,,,1745209646,,,,108.74,31675875,,,125.05,125.25,300,600,2025-04-21 09:57:25.857
tf,NFO,79547,,,,,126.45,47.89,,1745209647,,,,,,,,,,,,2025-04-21 09:57:26.685
tf,NFO,79547,,,,,,,,1745209647,,,,108.75,31694700,,,126.25,126.45,1800,300,2025-04-21 09:57:27.456
tf,NFO,79547,,,,,126.30,47.72,,1745209648,,,,,,,,,,,,2025-04-21 09:57:27.687
tf,NFO,79547,,,,,126.00,47.37,,1745209649,,,,,,,,,,,,2025-04-21 09:57:28.689
tf,NFO,79547,,,,,126.25,47.66,,1745209649,,,,108.76,31711650,,,126.00,126.20,,525,2025-04-21 09:57:29.237
tf,NFO,79547,,,,,125.90,47.25,,1745209650,,,,,,,,,,,,2025-04-21 09:57:29.689
tf,NFO,79547,,,,,126.35,47.78,,1745209651,,,,,,,,,,,,2025-04-21 09:57:30.690
tf,NFO,79547,,,,,126.60,48.07,,1745209651,,,,108.77,31720725,,,126.35,126.55,,300,2025-04-21 09:57:30.839
tf,NFO,79547,,,,,125.80,47.13,,1745209652,,,,,,,,,,,,2025-04-21 09:57:31.731
tf,NFO,79547,,,,,,,,1745209652,,,,108.79,31757175,,,125.75,125.90,,,2025-04-21 09:57:32.447
tf,NFO,79547,,,,,125.85,47.19,,1745209653,,,,,,,,,,,,2025-04-21 09:57:32.788
tf,NFO,79547,,,,,125.55,46.84,,1745209654,,,,,,,,,,,,2025-04-21 09:57:33.691
tf,NFO,79547,,,,,125.90,47.25,,1745209654,,,,108.80,31785675,,,125.70,,,1275,2025-04-21 09:57:34.242
tf,NFO,79547,,,,,125.95,47.31,,1745209655,,,,,,,,,,,,2025-04-21 09:57:34.691
tf,NFO,79547,,,,,126.25,47.66,,1745209656,,,,,,,,,,,,2025-04-21 09:57:35.692
tf,NFO,79547,,,,,126.00,47.37,,1745209656,,,,108.81,31793100,,,126.00,126.15,2625,300,2025-04-21 09:57:35.846
tf,NFO,79547,,,,,125.95,47.31,,1745209657,,,,108.82,31817625,,,125.80,126.00,1800,675,2025-04-21 09:57:37.456
tf,NFO,79547,,,,,126.25,47.66,,1745209658,,,,,,,,,,,,2025-04-21 09:57:37.697
tf,NFO,79547,,,,,126.60,48.07,,1745209659,,,,,,,,,,,,2025-04-21 09:57:38.779
tf,NFO,79547,,,,,126.35,47.78,,1745209659,,,,,31827975,,,126.20,126.40,2925,450,2025-04-21 09:57:39.141
tf,NFO,79547,,,,,126.80,48.30,,1745209660,,,,,,,,,,,,2025-04-21 09:57:39.696
tf,NFO,79547,,,,,126.15,47.54,,1745209661,,,,108.83,31840425,,,126.10,126.25,1800,1275,2025-04-21 09:57:40.692
tf,NFO,79547,,,,,,,,1745209661,,,,,,3997275,,,,,,2025-04-21 09:57:40.698
tf,NFO,79547,,,,,126.20,47.60,,1745209662,,,,,,,,,,,,2025-04-21 09:57:41.701
tf,NFO,79547,,,,,127.05,48.60,,1745209662,,,,108.84,31852125,,,126.95,127.25,150,2100,2025-04-21 09:57:42.456
tf,NFO,79547,,,,,126.60,48.07,,1745209663,,,,,,,,,,,,2025-04-21 09:57:42.709
tf,NFO,79547,,,,,126.85,48.36,,1745209664,,,,,,,,,,,,2025-04-21 09:57:43.702
tf,NFO,79547,,,,,127.15,48.71,,1745209664,,,,,31858800,,,127.00,127.20,375,150,2025-04-21 09:57:44.060
tf,NFO,79547,,,,,127.70,49.36,,1745209665,,,,,,,,,,,,2025-04-21 09:57:44.734
tf,NFO,79547,,,,,,,,1745209666,,,,108.85,31879350,,,127.75,128.00,675,75,2025-04-21 09:57:45.726
tf,NFO,79547,,,,,128.00,49.71,,1745209666,,,,,,,,,,,,2025-04-21 09:57:45.728
tf,NFO,79547,,,,,129.15,51.05,,1745209667,,,,,,,,,,,,2025-04-21 09:57:46.700
tf,NFO,79547,,,,,128.60,50.41,,1745209667,,,,108.87,31912200,,,128.35,128.60,75,375,2025-04-21 09:57:47.464
tf,NFO,79547,,,,,128.05,49.77,,1745209668,,,,,,,,,,,,2025-04-21 09:57:47.702
tf,NFO,79547,,,,,126.20,47.60,,1745209669,,,,,,,,,,,,2025-04-21 09:57:48.901
tf,NFO,79547,,,,,126.30,47.72,,1745209669,,,,108.89,31938825,,,126.15,126.25,1800,300,2025-04-21 09:57:49.069
tf,NFO,79547,,,,,125.85,47.19,,1745209670,,,,,,,,,,,,2025-04-21 09:57:49.701
tf,NFO,79547,,,,,126.05,47.43,,1745209671,,,,108.92,31996950,,,125.80,126.10,600,675,2025-04-21 09:57:50.674
tf,NFO,79547,,,,,126.10,47.49,,1745209671,,,,,,,,,,,,2025-04-21 09:57:50.702
tf,NFO,79547,,,,,125.30,46.55,,1745209672,,,,,,,,,,,,2025-04-21 09:57:51.701
tf,NFO,79547,,,,,125.70,47.02,,1745209672,,,,108.93,32010525,,,125.40,125.70,2475,825,2025-04-21 09:57:52.473
tf,NFO,79547,,,,,125.55,46.84,,1745209673,,,,,,,,,,,,2025-04-21 09:57:52.715
tf,NFO,79547,,,,,124.90,46.08,,1745209674,,,,,,,,,,,,2025-04-21 09:57:53.899
tf,NFO,79547,,,,,124.50,45.61,,1745209674,,,,108.95,32064600,,,124.50,124.75,1800,150,2025-04-21 09:57:54.200
tf,NFO,79547,,,,,124.65,45.79,,1745209675,,,,,,,,,,,,2025-04-21 09:57:54.816
tf,NFO,79547,,,,,,,,1745209676,,,,108.96,32083650,,,124.70,124.95,300,525,2025-04-21 09:57:55.684
tf,NFO,79547,,,,,124.70,45.85,,1745209676,,,,,,,,,,,,2025-04-21 09:57:55.714
tf,NFO,79547,,,,,123.90,44.91,,1745209677,,,,,,,,,,,,2025-04-21 09:57:56.708
tf,NFO,79547,,,,,123.55,44.50,,1745209677,,,,108.97,32105325,,,123.40,123.55,75,600,2025-04-21 09:57:57.481
tf,NFO,79547,,,,,123.05,43.92,,1745209678,,,,,,,,,,,,2025-04-21 09:57:57.791
tf,NFO,79547,,,,,123.25,44.15,,1745209679,,,,,,,,,,,,2025-04-21 09:57:58.798
tf,NFO,79547,,,,,123.00,43.86,,1745209679,,,,108.98,32119425,,,123.05,123.20,825,75,2025-04-21 09:57:59.293
tf,NFO,79547,,,,,125.10,46.32,,1745209680,,,,,,,,,,,,2025-04-21 09:57:59.707
tf,NFO,79547,,,,,125.55,46.84,,1745209681,,,,108.99,32142000,,,125.25,125.55,300,1125,2025-04-21 09:58:00.689
tf,NFO,79547,,,,,125.15,46.37,,1745209681,,,,,,,,,,,,2025-04-21 09:58:00.714
tf,NFO,79547,,,,,125.10,46.32,,1745209682,,,,,,,,,,,,2025-04-21 09:58:01.707
tf,NFO,79547,,,,,125.25,46.49,,1745209682,,,,109.00,32154225,,,125.10,125.25,450,675,2025-04-21 09:58:02.492
tf,NFO,79547,,,,,125.65,46.96,,1745209684,,,,,,,,,,,,2025-04-21 09:58:03.711
tf,NFO,79547,,,,,125.55,46.84,,1745209684,,,,,32167275,,,125.75,126.00,225,600,2025-04-21 09:58:04.100
tf,NFO,79547,,,,,125.65,46.96,,1745209685,,,,,,,,,,,,2025-04-21 09:58:04.733
tf,NFO,79547,,,,,124.95,46.14,,1745209686,,,,109.01,32176200,,,124.95,125.20,150,825,2025-04-21 09:58:05.860
tf,NFO,79547,,,,,125.40,46.67,,1745209687,,,,,,,,,,,,2025-04-21 09:58:06.710
tf,NFO,79547,,,,,125.95,47.31,,1745209687,,,,,32182200,,,125.70,125.95,600,150,2025-04-21 09:58:07.500
tf,NFO,79547,,,,,125.65,46.96,,1745209688,,,,,,,,,,,,2025-04-21 09:58:07.715
tf,NFO,79547,,,,,126.20,47.60,,1745209689,,,,,,,,,,,,2025-04-21 09:58:08.715
tf,NFO,79547,,,,,126.55,48.01,,1745209689,,,,109.02,32190075,,,126.40,126.70,1350,1125,2025-04-21 09:58:09.106
tf,NFO,79547,,,,,126.90,48.42,,1745209690,,,,,,,,,,,,2025-04-21 09:58:09.718
tf,NFO,79547,,,,,127.70,49.36,,1745209691,,,,,32196375,,,127.60,127.75,900,75,2025-04-21 09:58:10.706
tf,NFO,79547,,,,,127.65,49.30,,1745209692,,,,,,,,,,,,2025-04-21 09:58:11.806
tf,NFO,79547,,,,,127.75,49.42,,1745209692,,,,109.03,32213025,,,127.40,127.65,,150,2025-04-21 09:58:12.582
tf,NFO,79547,,,,,127.55,49.18,,1745209693,,,,,,,,,,,,2025-04-21 09:58:12.734
tf,NFO,79547,,,,,127.15,48.71,,1745209694,,,,,,,,,,,,2025-04-21 09:58:13.716
tf,NFO,79547,,,,,127.75,49.42,,1745209694,,,,109.04,32233050,,,127.75,128.00,450,600,2025-04-21 09:58:14.124
tf,NFO,79547,,,,,127.35,48.95,,1745209695,,,,,,,,,,,,2025-04-21 09:58:14.716
tf,NFO,79547,,,,,127.50,49.12,,1745209696,,,,109.05,32249925,,,127.30,127.50,300,,2025-04-21 09:58:15.714
tf,NFO,79547,,,,,127.25,48.83,,1745209697,,,,,,,,,,,,2025-04-21 09:58:16.725
tf,NFO,79547,,,,,127.40,49.01,,1745209697,,,,109.06,32265600,,,127.10,127.40,1125,900,2025-04-21 09:58:18.301
tf,NFO,79547,,,,,127.45,49.06,,1745209698,,,,,,,,,,,,2025-04-21 09:58:18.340
tf,NFO,79547,,,,,127.05,48.60,,1745209699,,,,,,,,,,,,2025-04-21 09:58:18.737
tf,NFO,79547,,,,,,,,1745209699,,,,,32271825,,,126.80,127.05,375,450,2025-04-21 09:58:19.139
tf,NFO,79547,,,,,126.55,48.01,,1745209700,,,,,,,,,,,,2025-04-21 09:58:19.721
tf,NFO,79547,,,,,,,,1745209701,,,,109.07,32281500,,,126.55,126.85,825,225,2025-04-21 09:58:20.732
tf,NFO,79547,,,,,127.05,48.60,,1745209702,,,,,,,,,,,,2025-04-21 09:58:21.722
tf,NFO,79547,,,,,126.80,48.30,,1745209702,,,,,32289000,,,126.60,126.90,300,1500,2025-04-21 09:58:22.524
tf,NFO,79547,,,,,126.45,47.89,,1745209703,,,,,,,,,,,,2025-04-21 09:58:22.731
tf,NFO,79547,,,,,126.30,47.72,,1745209704,,,,,,,,,,,,2025-04-21 09:58:23.722
tf,NFO,79547,,,,,126.55,48.01,,1745209704,,,,109.08,32300175,,,126.50,126.80,2325,225,2025-04-21 09:58:24.129
tf,NFO,79547,,,,,126.45,47.89,,1745209705,,,,,,,,,,,,2025-04-21 09:58:24.726
