t,e,tk,ts,pp,ls,ti,lp,pc,c,ft,o,h,l,ap,v,oi,poi,bp1,sp1,bq1,sq1,received_timestamp
tk,NFO,79511,NIFTY24APR25C23750,2,75,0.05,326.90,30.84,249.85,1745209403,270.40,340.95,251.00,290.21,1255500,462525,479025,325.95,326.65,225,450,2025-04-21 09:53:24.012
tf,NFO,79511,,,,,,,,1745209404,,,,290.22,1256025,,,324.55,325.25,150,225,2025-04-21 09:53:24.063
tf,NFO,79511,,,,,322.50,29.08,,1745209406,,,,290.23,1256100,,,322.10,322.85,225,450,2025-04-21 09:53:26.039
tf,NFO,79511,,,,,,,,1745209407,,,,,1256475,,,322.05,322.80,150,525,2025-04-21 09:53:27.462
tf,NFO,79511,,,,,320.70,28.36,,1745209408,,,,,,,,,,,,2025-04-21 09:53:28.442
tf,NFO,79511,,,,,,,,1745209409,,,,290.24,1256775,,,320.80,321.40,75,150,2025-04-21 09:53:29.104
tf,NFO,79511,,,,,321.25,28.58,,1745209409,,,,,,,,,,,,2025-04-21 09:53:29.584
tf,NFO,79511,,,,,322.90,29.24,,1745209410,,,,,,,,,,,,2025-04-21 09:53:30.540
tf,NFO,79511,,,,,,,,1745209411,,,,290.25,1257000,,,321.60,322.30,150,,2025-04-21 09:53:30.879
tf,NFO,79511,,,,,,,,1745209412,,,,,,,,321.70,322.45,225,,2025-04-21 09:53:32.546
tf,NFO,79511,,,,,320.80,28.40,,1745209413,,,,,,,,,,,,2025-04-21 09:53:32.988
tf,NFO,79511,,,,,321.00,28.48,,1745209414,,,,,1257300,,,320.85,321.55,75,225,2025-04-21 09:53:34.074
tf,NFO,79511,,,,,,,,1745209416,,,,,,,,321.55,322.35,150,75,2025-04-21 09:53:35.874
tf,NFO,79511,,,,,,,,1745209417,,,,,,,,322.35,323.15,225,450,2025-04-21 09:53:37.481
tf,NFO,79511,,,,,,,,1745209419,,,,,,,,322.55,323.25,150,150,2025-04-21 09:53:39.154
tf,NFO,79511,,,,,,,,1745209421,,,,,,,,325.45,326.10,,225,2025-04-21 09:53:40.881
tf,NFO,79511,,,,,,,,1745209422,,,,,,,,324.90,325.60,225,150,2025-04-21 09:53:42.494
tf,NFO,79511,,,,,322.90,29.24,,1745209424,,,,290.26,1257450,,,322.70,323.35,75,225,2025-04-21 09:53:44.115
tf,NFO,79511,,,,,,,,1745209426,,,,,,,,322.50,323.15,150,150,2025-04-21 09:53:45.929
tf,NFO,79511,,,,,323.35,29.42,,1745209427,,,,,1257600,,,323.80,324.50,75,225,2025-04-21 09:53:47.503
tf,NFO,79511,,,,,324.35,29.82,,1745209429,,,,,1257675,,,,324.55,225,300,2025-04-21 09:53:49.118
tf,NFO,79511,,,,,323.10,29.32,,1745209430,,,,,,,,,,,,2025-04-21 09:53:50.142
tf,NFO,79511,,,,,323.25,29.38,,1745209430,,,,,,,,,,,,2025-04-21 09:53:50.546
tf,NFO,79511,,,,,,,,1745209431,,,,290.27,1257900,,,323.05,323.80,375,150,2025-04-21 09:53:50.709
tf,NFO,79511,,,,,323.60,29.52,,1745209431,,,,,,,,,,,,2025-04-21 09:53:51.546
tf,NFO,79511,,,,,,,,1745209432,,,,,1257975,,,323.55,324.20,75,225,2025-04-21 09:53:52.496
tf,NFO,79511,,,,,,,,1745209434,,,,,,,,323.05,323.75,450,675,2025-04-21 09:53:54.153
tf,NFO,79511,,,,,323.05,29.30,,1745209435,,,,,,,,,,,,2025-04-21 09:53:54.767
tf,NFO,79511,,,,,322.80,29.20,,1745209435,,,,,,,,,,,,2025-04-21 09:53:55.553
tf,NFO,79511,,,,,,,,1745209436,,,,290.28,1258275,,,323.25,323.95,150,150,2025-04-21 09:53:55.725
tf,NFO,79511,,,,,323.55,29.50,,1745209436,,,,,,,,,,,,2025-04-21 09:53:56.562
tf,NFO,79511,,,,,323.85,29.62,,1745209437,,,,,1258425,,,321.25,322.00,75,375,2025-04-21 09:53:57.519
tf,NFO,79511,,,,,324.25,29.78,,1745209439,,,,,,,,,,,,2025-04-21 09:53:58.981
tf,NFO,79511,,,,,324.80,30.00,,1745209439,,,,290.29,1258800,,,323.75,324.45,,300,2025-04-21 09:53:59.149
tf,NFO,79511,,,,,325.00,30.08,,1745209440,,,,,,,,,,,,2025-04-21 09:54:00.636
tf,NFO,79511,,,,,,,,1745209441,,,,290.31,1259325,,,324.50,325.20,,150,2025-04-21 09:54:00.830
tf,NFO,79511,,,,,323.65,29.54,,1745209441,,,,,,,,,,,,2025-04-21 09:54:01.651
tf,NFO,79511,,,,,324.10,29.72,,1745209442,,,,290.33,1260000,,,324.30,324.95,150,,2025-04-21 09:54:02.547
tf,NFO,79511,,,,,323.35,29.42,,1745209444,,,,,,,,,,,,2025-04-21 09:54:03.966
tf,NFO,79511,,,,,,,,1745209444,,,,,1260150,,,322.45,323.10,,225,2025-04-21 09:54:04.140
tf,NFO,79511,,,,,,,,1745209446,,,,290.36,1261200,,,321.55,322.20,,150,2025-04-21 09:54:05.798
tf,NFO,79511,,,,,322.65,29.14,,1745209447,,,,,,,,,,,,2025-04-21 09:54:07.356
tf,NFO,79511,,,,,,,,1745209447,,,,290.37,1261725,,,323.60,324.25,75,75,2025-04-21 09:54:07.517
tf,NFO,79511,,,,,323.45,29.46,,1745209449,,,,,,,,,,,,2025-04-21 09:54:08.957
tf,NFO,79511,,,,,,,,1745209449,,,,290.41,1263000,,,323.00,323.65,150,,2025-04-21 09:54:09.124
tf,NFO,79511,,,,,322.50,29.08,,1745209450,,,,,,,,,,,,2025-04-21 09:54:09.957
tf,NFO,79511,,,,,,,,1745209451,,,,,1263075,,,321.25,321.95,75,150,2025-04-21 09:54:10.725
tf,NFO,79511,,,,,323.00,29.28,,1745209452,,,,,,,,,,,,2025-04-21 09:54:11.760
tf,NFO,79511,,,,,,,,1745209452,,,,,1263375,,,322.05,322.75,,,2025-04-21 09:54:12.563
tf,NFO,79511,,,,,,,,1745209454,,,,,,,,321.40,322.10,300,,2025-04-21 09:54:14.174
tf,NFO,79511,,,,,,,,1745209456,,,,,,,,322.20,322.90,75,,2025-04-21 09:54:15.769
tf,NFO,79511,,,,,,,,1745209457,,,,,,,,323.75,324.45,225,225,2025-04-21 09:54:17.591
tf,NFO,79511,,,,,325.00,30.08,,1745209459,,,,290.42,1263525,,,324.80,325.50,150,150,2025-04-21 09:54:19.294
tf,NFO,79511,,,,,326.25,30.58,,1745209460,,,,,,,,,,,,2025-04-21 09:54:20.126
tf,NFO,79511,,,,,,,,1745209461,,,,290.43,1263975,,,326.50,327.25,300,450,2025-04-21 09:54:20.819
tf,NFO,79511,,,,,327.60,31.12,,1745209462,,,,,,,,,,,,2025-04-21 09:54:21.835
tf,NFO,79511,,,,,326.65,30.74,,1745209462,,,,290.45,1264500,,,325.20,325.95,75,150,2025-04-21 09:54:22.638
tf,NFO,79511,,,,,,,,1745209464,,,,,,,,326.95,327.60,150,75,2025-04-21 09:54:24.145
tf,NFO,79511,,,,,326.30,30.60,,1745209465,,,,,,,,,,,,2025-04-21 09:54:25.674
tf,NFO,79511,,,,,,,,1745209466,,,,,1264575,,,325.75,326.45,75,150,2025-04-21 09:54:26.031
tf,NFO,79511,,,,,326.55,30.70,,1745209466,,,,,,,,,,,,2025-04-21 09:54:26.839
tf,NFO,79511,,,,,326.60,30.72,,1745209467,,,,290.46,1264800,,,325.70,326.40,300,450,2025-04-21 09:54:27.575
tf,NFO,79511,,,,,326.50,30.68,,1745209469,,,,,,,,,,,,2025-04-21 09:54:28.782
tf,NFO,79511,,,,,327.50,31.08,,1745209469,,,,,1265025,,,325.90,326.65,75,300,2025-04-21 09:54:29.162
tf,NFO,79511,,,,,325.45,30.26,,1745209470,,,,,,,,,,,,2025-04-21 09:54:30.607
tf,NFO,79511,,,,,,,,1745209471,,,,,1265100,,,325.95,326.70,300,150,2025-04-21 09:54:30.774
tf,NFO,79511,,,,,326.65,30.74,,1745209471,,,,,,,,,,,,2025-04-21 09:54:31.618
tf,NFO,79511,,,,,326.70,30.76,,1745209472,,,,290.51,1266750,,,325.40,326.05,75,450,2025-04-21 09:54:32.779
tf,NFO,79511,,,,,324.90,30.04,,1745209473,,,,,,,,,,,,2025-04-21 09:54:33.632
tf,NFO,79511,,,,,326.05,30.50,,1745209474,,,,290.52,1267200,,,326.05,326.70,,600,2025-04-21 09:54:34.231
tf,NFO,79511,,,,,,,,1745209476,,,,,,,,324.80,325.45,375,150,2025-04-21 09:54:35.770
tf,NFO,79511,,,,,,,,1745209477,,,,,,,,326.35,327.10,150,300,2025-04-21 09:54:37.616
tf,NFO,79511,,,,,325.75,30.38,,1745209478,,,,,,,,,,,,2025-04-21 09:54:37.980
tf,NFO,79511,,,,,325.80,30.40,,1745209478,,,,,,,,,,,,2025-04-21 09:54:38.713
tf,NFO,79511,,,,,326.05,30.50,,1745209479,,,,290.57,1269000,,,326.25,327.05,225,150,2025-04-21 09:54:39.341
tf,NFO,79511,,,,,,,,1745209481,,,,,,,,327.20,327.90,,225,2025-04-21 09:54:40.800
tf,NFO,79511,,,,,327.25,30.98,,1745209481,,,,,,466950,,,,,,2025-04-21 09:54:41.177
tf,NFO,79511,,,,,,,,1745209482,,,,290.58,1269075,,,327.35,328.05,,450,2025-04-21 09:54:42.584
tf,NFO,79511,,,,,,,,1745209484,,,,,,,,326.25,326.90,75,375,2025-04-21 09:54:44.178
tf,NFO,79511,,,,,327.80,31.20,,1745209485,,,,,,,,,,,,2025-04-21 09:54:44.982
tf,NFO,79511,,,,,,,,1745209486,,,,,1269225,,,327.10,327.85,225,225,2025-04-21 09:54:45.844
tf,NFO,79511,,,,,327.20,30.96,,1745209486,,,,,,,,,,,,2025-04-21 09:54:46.063
tf,NFO,79511,,,,,326.95,30.86,,1745209487,,,,,,,,,,,,2025-04-21 09:54:47.284
tf,NFO,79511,,,,,327.45,31.06,,1745209487,,,,,,,,,,,,2025-04-21 09:54:47.657
tf,NFO,79511,,,,,,,,1745209487,,,,290.59,1269450,,,326.80,327.60,450,675,2025-04-21 09:54:47.659
tf,NFO,79511,,,,,327.80,31.20,,1745209488,,,,,,,,,,,,2025-04-21 09:54:48.583
tf,NFO,79511,,,,,327.60,31.12,,1745209489,,,,290.60,1269750,,,326.95,327.70,150,225,2025-04-21 09:54:49.186
tf,NFO,79511,,,,,,,,1745209491,,,,,,,,327.60,328.35,,375,2025-04-21 09:54:50.837
tf,NFO,79511,,,,,327.85,31.22,,1745209491,,,,,,,,,,,,2025-04-21 09:54:51.010
tf,NFO,79511,,,,,326.35,30.62,,1745209492,,,,,,,,,,,,2025-04-21 09:54:52.035
tf,NFO,79511,,,,,329.35,31.82,,1745209492,,,,,,,,,,,,2025-04-21 09:54:52.596
tf,NFO,79511,,,,,,,,1745209492,,,,,1270050,,,328.50,329.15,225,75,2025-04-21 09:54:52.601
tf,NFO,79511,,,,,330.00,32.08,,1745209493,,,,,,,,,,,,2025-04-21 09:54:53.587
tf,NFO,79511,,,,,,,,1745209494,,,,290.61,1270275,,,329.15,329.90,150,150,2025-04-21 09:54:54.203
tf,NFO,79511,,,,,,,,1745209496,,,,,,,,328.50,329.25,,450,2025-04-21 09:54:55.807
tf,NFO,79511,,,,,328.95,31.66,,1745209496,,,,,,,,,,,,2025-04-21 09:54:56.012
tf,NFO,79511,,,,,328.80,31.60,,1745209496,,,,,,,,,,,,2025-04-21 09:54:56.589
tf,NFO,79511,,,,,328.05,31.30,,1745209497,,,,,,,,,,,,2025-04-21 09:54:57.646
tf,NFO,79511,,,,,,,,1745209497,,,,290.66,1271925,,,328.00,328.85,375,75,2025-04-21 09:54:57.667
tf,NFO,79511,,,,,,,,1745209499,,,,,1272000,,,329.55,330.20,225,,2025-04-21 09:54:59.427
tf,NFO,79511,,,,,331.00,32.48,,1745209500,,,,,,,,,,,,2025-04-21 09:55:00.025
tf,NFO,79511,,,,,,,,1745209501,,,,290.67,1272075,,,329.20,330.00,375,375,2025-04-21 09:55:00.839
tf,NFO,79511,,,,,329.80,32.00,,1745209501,,,,,,,,,,,,2025-04-21 09:55:00.996
tf,NFO,79511,,,,,327.40,31.04,,1745209502,,,,,,,,,,,,2025-04-21 09:55:02.595
tf,NFO,79511,,,,,,,,1745209502,,,,,1272225,,,327.05,327.85,150,150,2025-04-21 09:55:02.621
tf,NFO,79511,,,,,328.25,31.38,,1745209503,,,,,,,,,,,,2025-04-21 09:55:03.604
tf,NFO,79511,,,,,328.05,31.30,,1745209504,,,,290.68,1272450,,,327.15,327.90,,375,2025-04-21 09:55:04.212
tf,NFO,79511,,,,,329.45,31.86,,1745209504,,,,,,,,,,,,2025-04-21 09:55:04.592
tf,NFO,79511,,,,,329.30,31.80,,1745209505,,,,,,,,,,,,2025-04-21 09:55:05.762
tf,NFO,79511,,,,,330.05,32.10,,1745209506,,,,,1272675,,,329.35,330.05,525,,2025-04-21 09:55:05.944
tf,NFO,79511,,,,,,,,1745209507,,,,,,,,329.80,330.40,150,150,2025-04-21 09:55:07.626
tf,NFO,79511,,,,,331.00,32.48,,1745209508,,,,,,,,,,,,2025-04-21 09:55:08.500
tf,NFO,79511,,,,,330.85,32.42,,1745209508,,,,,,,,,,,,2025-04-21 09:55:08.708
tf,NFO,79511,,,,,331.30,32.60,,1745209509,,,,290.71,1273650,,,329.95,330.65,225,75,2025-04-21 09:55:09.232
tf,NFO,79511,,,,,331.45,32.66,,1745209510,,,,,,,,,,,,2025-04-21 09:55:10.598
tf,NFO,79511,,,,,,,,1745209511,,,,290.72,1273800,,,330.95,331.60,150,,2025-04-21 09:55:10.833
tf,NFO,79511,,,,,332.15,32.94,,1745209511,,,,,,,,,,,,2025-04-21 09:55:11.615
tf,NFO,79511,,,,,332.10,32.92,,1745209512,,,,,,,,,,,,2025-04-21 09:55:12.705
tf,NFO,79511,,,,,,,,1745209512,,,,290.73,1274100,,,331.60,332.20,,,2025-04-21 09:55:12.722
tf,NFO,79511,,,,,332.35,33.02,,1745209513,,,,,,,,,,,,2025-04-21 09:55:13.622
tf,NFO,79511,,,,,332.95,33.26,,1745209514,,,,290.74,1274550,,,332.35,333.10,,300,2025-04-21 09:55:14.260
tf,NFO,79511,,,,,333.45,33.46,,1745209514,,,,,,,,,,,,2025-04-21 09:55:14.609
tf,NFO,79511,,,,,334.15,33.74,,1745209516,,,,,,,,,,,,2025-04-21 09:55:15.804
tf,NFO,79511,,,,,,,,1745209516,,,,290.76,1275150,,,334.95,335.75,450,75,2025-04-21 09:55:15.864
tf,NFO,79511,,,,,335.95,34.46,,1745209516,,,,,,,,,,,,2025-04-21 09:55:16.622
tf,NFO,79511,,,,,344.65,37.94,,1745209517,,,,,,,,,,,,2025-04-21 09:55:17.609
tf,NFO,79511,,,,,,,,1745209518,,345.00,,291.23,1287375,,,343.20,343.95,300,150,2025-04-21 09:55:17.636
tf,NFO,79511,,,,,346.05,38.50,,1745209518,,,,,,,,,,,,2025-04-21 09:55:18.708
tf,NFO,79511,,,,,345.40,38.24,,1745209519,,346.25,,291.31,1289475,,,344.45,345.25,75,,2025-04-21 09:55:19.251
tf,NFO,79511,,,,,344.70,37.96,,1745209519,,,,,,,,,,,,2025-04-21 09:55:19.872
tf,NFO,79511,,,,,343.50,37.48,,1745209520,,,,,,,,,,,,2025-04-21 09:55:20.621
tf,NFO,79511,,,,,,,,1745209521,,,,291.35,1290300,,,345.20,345.85,225,75,2025-04-21 09:55:20.870
tf,NFO,79511,,,,,346.10,38.52,,1745209522,,,,,,,,,,,,2025-04-21 09:55:21.804
tf,NFO,79511,,,,,347.85,39.22,,1745209522,,,,,,,,,,,,2025-04-21 09:55:22.607
tf,NFO,79511,,,,,,,,1745209523,,347.90,,291.42,1292025,,,348.20,348.95,,150,2025-04-21 09:55:22.645
tf,NFO,79511,,,,,348.95,39.66,,1745209523,,,,,,,,,,,,2025-04-21 09:55:23.613
tf,NFO,79511,,,,,347.40,39.04,,1745209524,,349.95,,291.47,1293000,,,348.55,349.45,150,75,2025-04-21 09:55:24.267
tf,NFO,79511,,,,,348.30,39.40,,1745209524,,,,,,,,,,,,2025-04-21 09:55:24.611
tf,NFO,79511,,,,,347.05,38.90,,1745209525,,,,,,,,,,,,2025-04-21 09:55:25.886
tf,NFO,79511,,,,,,,,1745209526,,,,291.52,1294125,,,346.40,347.05,75,150,2025-04-21 09:55:26.041
tf,NFO,79511,,,,,347.30,39.00,,1745209526,,,,,,,,,,,,2025-04-21 09:55:26.609
tf,NFO,79511,,,,,348.90,39.64,,1745209527,,,,,,,,,,,,2025-04-21 09:55:27.632
tf,NFO,79511,,,,,,,,1745209528,,350.30,,291.57,1295250,,,347.95,348.70,450,375,2025-04-21 09:55:27.663
tf,NFO,79511,,,,,350.15,40.14,,1745209529,,,,,,,,,,,,2025-04-21 09:55:28.817
tf,NFO,79511,,,,,349.25,39.78,,1745209529,,350.65,,291.62,1296450,,,348.35,349.20,75,,2025-04-21 09:55:29.255
tf,NFO,79511,,,,,348.00,39.28,,1745209530,,,,,,,,,,,,2025-04-21 09:55:30.625
tf,NFO,79511,,,,,,,,1745209531,,,,291.65,1297050,,,348.10,348.80,225,150,2025-04-21 09:55:30.871
tf,NFO,79511,,,,,349.55,39.90,,1745209531,,,,,,,,,,,,2025-04-21 09:55:31.618
tf,NFO,79511,,,,,348.00,39.28,,1745209532,,,,,,,,,,,,2025-04-21 09:55:32.858
tf,NFO,79511,,,,,,,,1745209533,,,,291.69,1298025,,,348.00,348.75,75,75,2025-04-21 09:55:32.859
tf,NFO,79511,,,,,349.25,39.78,,1745209533,,,,,,,,,,,,2025-04-21 09:55:33.632
tf,NFO,79511,,,,,347.40,39.04,,1745209534,,,,291.72,1298850,,,347.65,348.55,,,2025-04-21 09:55:34.271
tf,NFO,79511,,,,,347.60,39.12,,1745209534,,,,,,,,,,,,2025-04-21 09:55:34.619
tf,NFO,79511,,,,,348.20,39.36,,1745209535,,,,,,,,,,,,2025-04-21 09:55:35.635
tf,NFO,79511,,,,,345.00,38.08,,1745209536,,,,291.79,1300425,,,344.60,345.25,,150,2025-04-21 09:55:35.883
tf,NFO,79511,,,,,345.60,38.32,,1745209537,,,,291.86,1302075,,,347.10,347.85,375,75,2025-04-21 09:55:37.489
tf,NFO,79511,,,,,347.30,39.00,,1745209538,,,,,,,,,,,,2025-04-21 09:55:38.691
tf,NFO,79511,,,,,,,,1745209539,,,,,1302150,,,346.45,347.20,,300,2025-04-21 09:55:39.337
tf,NFO,79511,,,,,348.00,39.28,,1745209540,,,,,,,,,,,,2025-04-21 09:55:40.762
tf,NFO,79511,,,,,,,,1745209541,,,,291.87,1302300,,,348.25,348.95,150,75,2025-04-21 09:55:40.970
tf,NFO,79511,,,,,347.95,39.26,,1745209541,,,,,,,,,,,,2025-04-21 09:55:41.617
tf,NFO,79511,,,,,,,,1745209542,,,,,1302450,,,348.65,349.00,75,375,2025-04-21 09:55:42.491
tf,NFO,79511,,,,,349.00,39.68,,1745209543,,,,,,,,,,,,2025-04-21 09:55:42.826
tf,NFO,79511,,,,,349.30,39.80,,1745209543,,,,,,,,,,,,2025-04-21 09:55:43.648
tf,NFO,79511,,,,,350.25,40.18,,1745209544,,,,291.90,1302975,,,350.15,350.75,,150,2025-04-21 09:55:44.274
tf,NFO,79511,,,,,348.00,39.28,,1745209545,,,,,,,,,,,,2025-04-21 09:55:45.696
tf,NFO,79511,,,,,347.30,39.00,,1745209546,,,,291.91,1303200,,,346.60,347.40,450,225,2025-04-21 09:55:45.891
tf,NFO,79511,,,,,347.20,38.96,,1745209546,,,,,,,,,,,,2025-04-21 09:55:46.627
tf,NFO,79511,,,,,,,,1745209547,,,,,1303350,,,346.95,347.70,75,,2025-04-21 09:55:47.493
tf,NFO,79511,,,,,346.90,38.84,,1745209548,,,,,,,,,,,,2025-04-21 09:55:48.020
tf,NFO,79511,,,,,348.00,39.28,,1745209549,,,,,,,,,,,,2025-04-21 09:55:48.860
tf,NFO,79511,,,,,,,,1745209549,,,,291.94,1304025,,,347.95,348.25,,75,2025-04-21 09:55:49.282
tf,NFO,79511,,,,,347.95,39.26,,1745209549,,,,,,,,,,,,2025-04-21 09:55:49.633
tf,NFO,79511,,,,,348.05,39.30,,1745209550,,,,,,,,,,,,2025-04-21 09:55:50.631
tf,NFO,79511,,,,,,,,1745209551,,,,291.99,1305075,,,347.90,348.70,225,300,2025-04-21 09:55:50.891
tf,NFO,79511,,,,,347.95,39.26,,1745209551,,,,,,,,,,,,2025-04-21 09:55:51.657
tf,NFO,79511,,,,,348.60,39.52,,1745209552,,,,292.01,1305675,,,347.00,347.60,675,600,2025-04-21 09:55:52.629
tf,NFO,79511,,,,,347.00,38.88,,1745209552,,,,,,,,,,,,2025-04-21 09:55:52.666
tf,NFO,79511,,,,,343.00,37.28,,1745209553,,,,,,,,,,,,2025-04-21 09:55:53.654
tf,NFO,79511,,,,,,,,1745209554,,,,292.06,1306950,,,343.05,343.80,225,75,2025-04-21 09:55:54.291
tf,NFO,79511,,,,,343.20,37.36,,1745209555,,,,,,,,,,,,2025-04-21 09:55:54.827
tf,NFO,79511,,,,,343.95,37.66,,1745209556,,,,,,,,,,,,2025-04-21 09:55:55.827
tf,NFO,79511,,,,,,,,1745209556,,,,292.13,1308525,,,343.25,344.20,150,675,2025-04-21 09:55:55.897
tf,NFO,79511,,,,,343.35,37.42,,1745209556,,,,,,,,,,,,2025-04-21 09:55:56.638
tf,NFO,79511,,,,,,,,1745209557,,,,,1308600,,,343.35,344.10,,150,2025-04-21 09:55:57.497
tf,NFO,79511,,,,,340.95,36.46,,1745209558,,,,,,,,,,,,2025-04-21 09:55:58.538
tf,NFO,79511,,,,,340.40,36.24,,1745209558,,,,,,,,,,,,2025-04-21 09:55:58.646
tf,NFO,79511,,,,,338.70,35.56,,1745209559,,,,292.48,1318125,,,338.05,338.65,75,75,2025-04-21 09:55:59.387
tf,NFO,79511,,,,,337.80,35.20,,1745209559,,,,,,,,,,,,2025-04-21 09:55:59.638
tf,NFO,79511,,,,,336.15,34.54,,1745209561,,,,,,,,,,,,2025-04-21 09:56:00.837
tf,NFO,79511,,,,,336.95,34.86,,1745209561,,,,292.57,1320675,,,336.95,337.85,150,,2025-04-21 09:56:00.905
tf,NFO,79511,,,,,338.15,35.34,,1745209561,,,,,,,,,,,,2025-04-21 09:56:01.647
tf,NFO,79511,,,,,338.40,35.44,,1745209562,,,,292.59,1321200,,,336.50,337.25,225,150,2025-04-21 09:56:02.506
tf,NFO,79511,,,,,336.85,34.82,,1745209563,,,,,,,,,,,,2025-04-21 09:56:03.639
tf,NFO,79511,,,,,335.00,34.08,,1745209564,,,,292.60,1321650,,,334.35,335.05,,75,2025-04-21 09:56:04.307
tf,NFO,79511,,,,,334.95,34.06,,1745209564,,,,,,,,,,,,2025-04-21 09:56:04.636
tf,NFO,79511,,,,,336.55,34.70,,1745209566,,,,,,,,,,,,2025-04-21 09:56:05.941
tf,NFO,79511,,,,,,,,1745209566,,,,,1321800,,,336.15,336.85,150,150,2025-04-21 09:56:05.944
tf,NFO,79511,,,,,336.95,34.86,,1745209567,,,,,,,,,,,,2025-04-21 09:56:06.656
tf,NFO,79511,,,,,336.75,34.78,,1745209567,,,,292.64,1322775,,,336.85,337.30,,,2025-04-21 09:56:07.512
tf,NFO,79511,,,,,337.30,35.00,,1745209568,,,,,,,,,,,,2025-04-21 09:56:07.640
tf,NFO,79511,,,,,339.40,35.84,,1745209569,,,,,,,,,,,,2025-04-21 09:56:08.640
tf,NFO,79511,,,,,339.90,36.04,,1745209569,,,,292.71,1324725,,,339.55,340.15,,75,2025-04-21 09:56:09.313
tf,NFO,79511,,,,,338.45,35.46,,1745209571,,,,,,,,,,,,2025-04-21 09:56:10.635
tf,NFO,79511,,,,,,,,1745209571,,,,,1324950,,,339.00,339.65,75,,2025-04-21 09:56:10.916
tf,NFO,79511,,,,,338.80,35.60,,1745209572,,,,,,,,,,,,2025-04-21 09:56:11.772
tf,NFO,79511,,,,,,,,1745209572,,,,292.72,1325175,,,339.55,339.90,150,,2025-04-21 09:56:12.540
tf,NFO,79511,,,,,,,,1745209574,,,,,,,,340.25,340.75,,,2025-04-21 09:56:14.345
tf,NFO,79511,,,,,339.60,35.92,,1745209575,,,,,,,,,,,,2025-04-21 09:56:15.438
tf,NFO,79511,,,,,340.20,36.16,,1745209576,,,,,,,,,,,,2025-04-21 09:56:15.840
tf,NFO,79511,,,,,,,,1745209576,,,,292.79,1327125,,,339.65,340.20,75,225,2025-04-21 09:56:15.925
tf,NFO,79511,,,,,339.65,35.94,,1745209577,,,,,,,,,,,,2025-04-21 09:56:16.661
tf,NFO,79511,,,,,,,,1745209577,,,,,1327200,,,339.00,339.70,600,150,2025-04-21 09:56:17.556
tf,NFO,79511,,,,,340.00,36.08,,1745209578,,,,,,,,,,,,2025-04-21 09:56:18.305
tf,NFO,79511,,,,,338.80,35.60,,1745209579,,,,292.83,1328175,,,337.95,338.70,150,,2025-04-21 09:56:19.329
tf,NFO,79511,,,,,338.95,35.66,,1745209580,,,,,,,,,,,,2025-04-21 09:56:20.243
tf,NFO,79511,,,,,,,,1745209581,,,,,1328325,,,337.70,338.40,75,75,2025-04-21 09:56:20.939
tf,NFO,79511,,,,,338.75,35.58,,1745209581,,,,,,,,,,,,2025-04-21 09:56:21.241
tf,NFO,79511,,,,,336.75,34.78,,1745209582,,,,,,,,,,,,2025-04-21 09:56:22.077
tf,NFO,79511,,,,,337.00,34.88,,1745209582,,,,292.84,1328550,,,336.35,337.10,150,150,2025-04-21 09:56:22.538
tf,NFO,79511,,,,,335.00,34.08,,1745209584,,,,,,,,,,,,2025-04-21 09:56:23.844
tf,NFO,79511,,,,,,,,1745209584,,,,,1328625,,,334.85,335.60,75,,2025-04-21 09:56:24.341
tf,NFO,79511,,,,,,,,1745209586,,,,,,,,334.75,335.50,,75,2025-04-21 09:56:26.018
tf,NFO,79511,,,,,333.00,33.28,,1745209587,,,,,,,,,,,,2025-04-21 09:56:27.447
tf,NFO,79511,,,,,,,,1745209587,,,,292.85,1328700,,,332.55,333.35,,300,2025-04-21 09:56:27.555
tf,NFO,79511,,,,,331.00,32.48,,1745209588,,,,,,,,,,,,2025-04-21 09:56:28.250
tf,NFO,79511,,,,,332.00,32.88,,1745209589,,,,,,,,,,,,2025-04-21 09:56:28.667
tf,NFO,79511,,,,,332.05,32.90,,1745209589,,,,292.86,1329075,,,333.60,334.35,,75,2025-04-21 09:56:29.344
tf,NFO,79511,,,,,334.70,33.96,,1745209590,,,,,,,,,,,,2025-04-21 09:56:29.650
tf,NFO,79511,,,,,333.65,33.54,,1745209591,,,,,,,,,,,,2025-04-21 09:56:30.654
tf,NFO,79511,,,,,334.20,33.76,,1745209591,,,,292.88,1329900,,,334.45,335.25,150,,2025-04-21 09:56:30.949
tf,NFO,79511,,,,,337.05,34.90,,1745209592,,,,,1329975,,,336.30,337.10,300,225,2025-04-21 09:56:32.606
tf,NFO,79511,,,,,337.40,35.04,,1745209593,,,,,,,,,,,,2025-04-21 09:56:32.777
tf,NFO,79511,,,,,337.60,35.12,,1745209594,,,,,,,,,,,,2025-04-21 09:56:33.851
tf,NFO,79511,,,,,,,,1745209594,,,,292.89,1330125,,,336.65,337.30,150,150,2025-04-21 09:56:34.354
tf,NFO,79511,,,,,337.30,35.00,,1745209595,,,,,,,,,,,,2025-04-21 09:56:34.656
tf,NFO,79511,,,,,,,,1745209596,,,,,1330200,,,337.70,338.60,75,300,2025-04-21 09:56:35.973
tf,NFO,79511,,,,,338.90,35.64,,1745209597,,,,,,,,,,,,2025-04-21 09:56:36.659
tf,NFO,79511,,,,,338.85,35.62,,1745209597,,,,292.90,1330350,,,338.15,338.85,,,2025-04-21 09:56:37.561
tf,NFO,79511,,,,,339.15,35.74,,1745209599,,,,,,,,,,,,2025-04-21 09:56:38.753
tf,NFO,79511,,,,,,,,1745209599,,,,292.91,1330800,,,337.30,338.05,150,225,2025-04-21 09:56:39.170
tf,NFO,79511,,,,,337.50,35.08,,1745209600,,,,,,,,,,,,2025-04-21 09:56:39.658
tf,NFO,79511,,,,,,,,1745209601,,,,292.92,1330875,,,339.00,339.50,75,75,2025-04-21 09:56:40.790
tf,NFO,79511,,,,,339.60,35.92,,1745209601,,,,,,,,,,,,2025-04-21 09:56:41.461
tf,NFO,79511,,,,,,,,1745209602,,,,292.95,1331925,,,338.40,339.10,150,,2025-04-21 09:56:42.569
tf,NFO,79511,,,,,,,,1745209604,,,,,,,,338.45,,75,,2025-04-21 09:56:44.170
tf,NFO,79511,,,,,339.55,35.90,,1745209605,,,,,,,,,,,,2025-04-21 09:56:45.294
tf,NFO,79511,,,,,340.00,36.08,,1745209606,,,,,,,,,,,,2025-04-21 09:56:45.719
tf,NFO,79511,,,,,,,,1745209606,,,,292.96,1332075,,,339.30,339.95,,,2025-04-21 09:56:45.896
tf,NFO,79511,,,,,,,,1745209607,,,,,,,,339.55,340.35,300,300,2025-04-21 09:56:47.574
tf,NFO,79511,,,,,,,,1745209609,,,,,,,,336.75,337.45,75,225,2025-04-21 09:56:49.199
tf,NFO,79511,,,,,337.60,35.12,,1745209609,,,,,,,,,,,,2025-04-21 09:56:49.259
tf,NFO,79511,,,,,338.05,35.30,,1745209610,,,,,,,,,,,,2025-04-21 09:56:50.475
tf,NFO,79511,,,,,,,,1745209611,,,,292.99,1333050,,,338.10,338.80,,525,2025-04-21 09:56:50.838
tf,NFO,79511,,,,,,,,1745209612,,,,,,,,337.75,338.50,375,150,2025-04-21 09:56:52.641
tf,NFO,79511,,,,,,,,1745209614,,,,,,,,337.60,338.35,150,225,2025-04-21 09:56:54.253
tf,NFO,79511,,,,,338.65,35.54,,1745209614,,,,,,,,,,,,2025-04-21 09:56:54.463
tf,NFO,79511,,,,,,,,1745209616,,,,,1333125,,,340.05,340.75,225,,2025-04-21 09:56:55.789
tf,NFO,79511,,,,,339.45,35.86,,1745209617,,,,,,,,,,,,2025-04-21 09:56:56.867
tf,NFO,79511,,,,,339.50,35.88,,1745209617,,,,293.01,1333500,,,339.55,340.25,150,75,2025-04-21 09:56:57.589
tf,NFO,79511,,,,,338.95,35.66,,1745209619,,,,,,,,,,,,2025-04-21 09:56:58.830
tf,NFO,79511,,,,,,,,1745209619,,,,,1333575,,,338.65,339.40,75,300,2025-04-21 09:56:59.244
tf,NFO,79511,,,,,,,,1745209621,,,,,,,,340.50,341.15,150,75,2025-04-21 09:57:00.799
tf,NFO,79511,,,,,341.25,36.58,,1745209621,,,,,,,,,,,,2025-04-21 09:57:01.271
tf,NFO,79511,,,,,341.70,36.76,,1745209622,,,,,,,,,,,,2025-04-21 09:57:01.873
tf,NFO,79511,,,,,,,,1745209622,,,,293.03,1334250,,,340.85,341.40,75,,2025-04-21 09:57:02.602
tf,NFO,79511,,,,,,,,1745209624,,,,,,,,339.80,340.50,,150,2025-04-21 09:57:04.233
tf,NFO,79511,,,,,,,,1745209626,,,,,,,,340.05,340.70,150,75,2025-04-21 09:57:05.820
tf,NFO,79511,,,,,340.70,36.36,,1745209626,,,,,,,,,,,,2025-04-21 09:57:06.095
tf,NFO,79511,,,,,339.70,35.96,,1745209627,,,,,,,,,,,,2025-04-21 09:57:07.473
tf,NFO,79511,,,,,,,,1745209627,,,,293.04,1334400,,,339.80,340.55,,375,2025-04-21 09:57:07.621
tf,NFO,79511,,,,,339.65,35.94,,1745209628,,,,,,,,,,,,2025-04-21 09:57:08.095
tf,NFO,79511,,,,,,,,1745209629,,,,,1334475,,,339.95,340.65,75,150,2025-04-21 09:57:09.241
tf,NFO,79511,,,,,,,,1745209631,,,,,,,,340.80,341.35,150,225,2025-04-21 09:57:10.832
tf,NFO,79511,,,,,,,,1745209632,,,,,,,,341.30,341.90,,75,2025-04-21 09:57:12.714
tf,NFO,79511,,,,,341.80,36.80,,1745209633,,,,,,,,,,,,2025-04-21 09:57:12.881
tf,NFO,79511,,,,,,,,1745209634,,,,293.06,1335075,,,341.75,342.25,75,150,2025-04-21 09:57:14.250
tf,NFO,79511,,,,,343.35,37.42,,1745209635,,,,,,,,,,,,2025-04-21 09:57:15.079
tf,NFO,79511,,,,,341.95,36.86,,1745209636,,,,,,,,,,,,2025-04-21 09:57:15.684
tf,NFO,79511,,,,,,,,1745209636,,,,293.07,1335375,,,341.30,342.00,225,75,2025-04-21 09:57:15.833
tf,NFO,79511,,,,,340.10,36.12,,1745209637,,,,,,,,,,,,2025-04-21 09:57:16.684
tf,NFO,79511,,,,,,,,1745209637,,,,293.08,1335450,,,340.85,341.65,300,150,2025-04-21 09:57:17.624
tf,NFO,79511,,,,,340.60,36.32,,1745209639,,,,,,,,,,,,2025-04-21 09:57:19.091
tf,NFO,79511,,,,,,,,1745209639,,,,,1335600,,,340.75,341.35,75,75,2025-04-21 09:57:19.290
tf,NFO,79511,,,,,342.00,36.88,,1745209640,,,,,,,,,,,,2025-04-21 09:57:19.916
tf,NFO,79511,,,,,341.25,36.58,,1745209641,,,,,,,,,,,,2025-04-21 09:57:20.733
tf,NFO,79511,,,,,,,,1745209641,,,,293.11,1336500,,,342.05,342.85,150,450,2025-04-21 09:57:20.936
tf,NFO,79511,,,,,342.45,37.06,,1745209642,,,,,,,,,,,,2025-04-21 09:57:22.482
tf,NFO,79511,,,,,,,,1745209642,,,,293.12,1336650,,,341.85,342.60,,375,2025-04-21 09:57:22.628
tf,NFO,79511,,,,,341.95,36.86,,1745209643,,,,,,,,,,,,2025-04-21 09:57:23.482
tf,NFO,79511,,,,,342.10,36.92,,1745209644,,,,,,,,,,,,2025-04-21 09:57:24.082
tf,NFO,79511,,,,,,,,1745209644,,,,293.20,1338825,,,342.10,342.85,375,75,2025-04-21 09:57:24.262
tf,NFO,79511,,,,,,,,1745209646,,,,,,,,340.45,341.25,300,225,2025-04-21 09:57:25.861
tf,NFO,79511,,,,,341.50,36.68,,1745209646,,,,,,,,,,,,2025-04-21 09:57:26.464
tf,NFO,79511,,,,,,,,1745209647,,,,,1338900,,,342.80,343.50,375,75,2025-04-21 09:57:27.677
tf,NFO,79511,,,,,342.60,37.12,,1745209649,,,,,,,,,,,,2025-04-21 09:57:28.895
tf,NFO,79511,,,,,,,,1745209649,,,,293.21,1339200,,,341.95,342.70,75,300,2025-04-21 09:57:29.268
tf,NFO,79511,,,,,341.65,36.74,,1745209650,,,,,,,,,,,,2025-04-21 09:57:30.086
tf,NFO,79511,,,,,,,,1745209651,,,,293.22,1339275,,,342.45,343.25,150,,2025-04-21 09:57:30.865
tf,NFO,79511,,,,,341.60,36.72,,1745209651,,,,,,,,,,,,2025-04-21 09:57:31.110
tf,NFO,79511,,,,,343.00,37.28,,1745209652,,,,,,,,,,,,2025-04-21 09:57:32.372
tf,NFO,79511,,,,,,,,1745209653,,,,293.24,1339800,,,341.85,342.65,225,,2025-04-21 09:57:32.782
tf,NFO,79511,,,,,,,,1745209654,,,,,,,,341.55,342.30,375,375,2025-04-21 09:57:34.247
tf,NFO,79511,,,,,,,,1745209656,,,,,,,,342.10,342.85,75,150,2025-04-21 09:57:35.865
tf,NFO,79511,,,,,342.85,37.22,,1745209656,,,,,,,,,,,,2025-04-21 09:57:36.308
tf,NFO,79511,,,,,,,,1745209657,,,,293.25,1340100,,,341.85,342.60,300,300,2025-04-21 09:57:37.457
tf,NFO,79511,,,,,,,,1745209659,,,,,,,,342.70,343.35,75,150,2025-04-21 09:57:39.169
tf,NFO,79511,,,,,,,,1745209661,,,,,,,,342.35,343.15,,,2025-04-21 09:57:40.856
tf,NFO,79511,,,,,344.35,37.82,,1745209662,,,,,,457950,,,,,,2025-04-21 09:57:42.100
tf,NFO,79511,,,,,,,,1745209662,,,,,1340250,,,343.80,344.60,,75,2025-04-21 09:57:42.486
tf,NFO,79511,,,,,,,,1745209664,,,,,,,,343.85,344.65,450,150,2025-04-21 09:57:44.073
tf,NFO,79511,,,,,345.00,38.08,,1745209664,,,,,,,,,,,,2025-04-21 09:57:44.562
tf,NFO,79511,,,,,345.65,38.34,,1745209665,,,,,,,,,,,,2025-04-21 09:57:44.738
tf,NFO,79511,,,,,,,,1745209666,,,,293.28,1340925,,,345.20,345.95,150,75,2025-04-21 09:57:45.906
tf,NFO,79511,,,,,346.00,38.48,,1745209666,,,,,,,,,,,,2025-04-21 09:57:46.115
tf,NFO,79511,,,,,,,,1745209667,,,,,1341000,,,345.95,346.70,,150,2025-04-21 09:57:47.469
tf,NFO,79511,,,,,344.65,37.94,,1745209668,,,,,,,,,,,,2025-04-21 09:57:48.299
tf,NFO,79511,,,,,341.75,36.78,,1745209669,,,,,,,,,,,,2025-04-21 09:57:48.903
tf,NFO,79511,,,,,,,,1745209669,,,,293.30,1341450,,,341.65,342.45,,,2025-04-21 09:57:49.075
tf,NFO,79511,,,,,342.25,36.98,,1745209670,,,,,,,,,,,,2025-04-21 09:57:50.101
tf,NFO,79511,,,,,,,,1745209671,,,,,1341600,,,341.30,342.05,,300,2025-04-21 09:57:50.877
tf,NFO,79511,,,,,,,,1745209672,,,,,,,,340.50,341.15,,75,2025-04-21 09:57:52.482
tf,NFO,79511,,,,,339.65,35.94,,1745209673,,,,,,,,,,,,2025-04-21 09:57:53.304
tf,NFO,79511,,,,,338.45,35.46,,1745209674,,,,,,,,,,,,2025-04-21 09:57:53.903
tf,NFO,79511,,,,,338.50,35.48,,1745209674,,,,293.32,1342050,,,338.80,339.55,225,,2025-04-21 09:57:54.204
tf,NFO,79511,,,,,339.55,35.90,,1745209675,,,,,,,,,,,,2025-04-21 09:57:54.819
tf,NFO,79511,,,,,,,,1745209676,,,,293.33,1342275,,,339.30,340.00,75,150,2025-04-21 09:57:55.879
tf,NFO,79511,,,,,338.05,35.30,,1745209677,,,,,,,,,,,,2025-04-21 09:57:56.905
tf,NFO,79511,,,,,337.25,34.98,,1745209677,,,,,1342500,,,336.65,337.40,,225,2025-04-21 09:57:57.513
tf,NFO,79511,,,,,,,,1745209679,,,,,,,,336.55,337.35,300,150,2025-04-21 09:57:59.296
tf,NFO,79511,,,,,339.45,35.86,,1745209679,,,,,,,,,,,,2025-04-21 09:57:59.510
tf,NFO,79511,,,,,339.80,36.00,,1745209680,,,,,,,,,,,,2025-04-21 09:57:59.709
tf,NFO,79511,,,,,340.50,36.28,,1745209681,,,,,,,,,,,,2025-04-21 09:58:00.752
tf,NFO,79511,,,,,,,,1745209681,,,,293.35,1343100,,,339.95,340.65,150,,2025-04-21 09:58:00.888
tf,NFO,79511,,,,,340.60,36.32,,1745209682,,,,,,,,,,,,2025-04-21 09:58:01.711
tf,NFO,79511,,,,,,,,1745209682,,,,293.36,1343250,,,339.85,,300,,2025-04-21 09:58:02.521
tf,NFO,79511,,,,,342.05,36.90,,1745209684,,,,293.37,1343400,,,341.50,342.20,225,300,2025-04-21 09:58:04.104
tf,NFO,79511,,,,,,,,1745209686,,,,,,,,340.25,340.95,150,75,2025-04-21 09:58:06.003
tf,NFO,79511,,,,,,,,1745209687,,,,,,,,341.20,341.90,300,150,2025-04-21 09:58:07.516
tf,NFO,79511,,,,,341.90,36.84,,1745209688,,,,,,,,,,,,2025-04-21 09:58:07.910
tf,NFO,79511,,,,,342.05,36.90,,1745209689,,,,,,,,,,,,2025-04-21 09:58:08.716
tf,NFO,79511,,,,,342.40,37.04,,1745209689,,,,293.38,1343700,,,342.55,343.20,150,75,2025-04-21 09:58:09.135
tf,NFO,79511,,,,,343.20,37.36,,1745209690,,,,,,,,,,,,2025-04-21 09:58:09.722
tf,NFO,79511,,,,,345.35,38.22,,1745209691,,,,293.39,1344075,,,345.25,346.00,,,2025-04-21 09:58:10.906
tf,NFO,79511,,,,,346.00,38.48,,1745209692,,,,,,,,,,,,2025-04-21 09:58:11.808
tf,NFO,79511,,,,,,,,1745209692,,,,,1344150,,,344.45,345.15,,,2025-04-21 09:58:12.585
tf,NFO,79511,,,,,344.65,37.94,,1745209693,,,,,,,,,,,,2025-04-21 09:58:12.922
tf,NFO,79511,,,,,344.10,37.72,,1745209694,,,,,,,,,,,,2025-04-21 09:58:13.919
tf,NFO,79511,,,,,,,,1745209694,,,,293.43,1345125,,,345.15,345.35,75,,2025-04-21 09:58:14.126
tf,NFO,79511,,,,,345.35,38.22,,1745209695,,,,,,,,,,,,2025-04-21 09:58:14.718
tf,NFO,79511,,,,,,,,1745209696,,,,,1345200,,,344.40,345.10,225,225,2025-04-21 09:58:15.914
tf,NFO,79511,,,,,,,,1745209697,,,,,,,,344.50,345.20,150,675,2025-04-21 09:58:18.302
tf,NFO,79511,,,,,344.15,37.74,,1745209699,,,,,,,,,,,,2025-04-21 09:58:19.140
tf,NFO,79511,,,,,,,,1745209699,,,,293.44,1345350,,,344.10,344.75,,150,2025-04-21 09:58:19.141
tf,NFO,79511,,,,,343.70,37.56,,1745209700,,,,,,,,,,,,2025-04-21 09:58:19.722
tf,NFO,79511,,,,,,,,1745209701,,,,293.45,1345575,,,343.35,344.10,,,2025-04-21 09:58:20.927
tf,NFO,79511,,,,,343.85,37.62,,1745209702,,,,,,,,,,,,2025-04-21 09:58:22.393
tf,NFO,79511,,,,,,,,1745209702,,,,293.46,1345800,,,,344.15,225,,2025-04-21 09:58:22.527
tf,NFO,79511,,,,,,,,1745209704,,,,,,,,343.65,344.40,75,450,2025-04-21 09:58:24.146
