t,e,tk,ts,pp,ls,ti,lp,pc,c,ft,o,h,l,ap,v,oi,poi,bp1,sp1,bq1,sq1,received_timestamp
tk,NFO,79518,NIFTY24APR25P23900,2,75,0.05,117.65,-45.66,216.50,1745209404,200.00,213.35,108.00,144.22,24492600,3897375,876975,117.65,117.95,825,600,2025-04-21 09:53:24.023
tf,NFO,79518,,,,,117.60,-45.68,,1745209404,,,,,,,,,,,,2025-04-21 09:53:24.478
tf,NFO,79518,,,,,118.15,-45.43,,1745209405,,,,144.21,24505800,,,117.90,118.20,1125,1200,2025-04-21 09:53:25.392
tf,NFO,79518,,,,,118.75,-45.15,,1745209406,,,,,,,,,,,,2025-04-21 09:53:26.678
tf,NFO,79518,,,,,118.25,-45.38,,1745209407,,,,144.20,24509175,,,118.15,118.40,675,300,2025-04-21 09:53:27.046
tf,NFO,79518,,,,,118.55,-45.24,,1745209407,,,,,,,,,,,,2025-04-21 09:53:27.483
tf,NFO,79518,,,,,119.60,-44.76,,1745209408,,,,,,,,,,,,2025-04-21 09:53:28.487
tf,NFO,79518,,,,,119.80,-44.67,,1745209409,,,,,24516225,,,119.55,119.80,300,525,2025-04-21 09:53:28.854
tf,NFO,79518,,,,,119.85,-44.64,,1745209409,,,,,,,,,,,,2025-04-21 09:53:29.580
tf,NFO,79518,,,,,119.20,-44.94,,1745209410,,,,144.19,24521100,,,118.65,118.90,450,75,2025-04-21 09:53:30.401
tf,NFO,79518,,,,,118.95,-45.06,,1745209411,,,,,,,,,,,,2025-04-21 09:53:31.484
tf,NFO,79518,,,,,118.65,-45.20,,1745209412,,,,144.18,24535275,,,118.35,118.60,525,825,2025-04-21 09:53:32.003
tf,NFO,79518,,,,,119.65,-44.73,,1745209412,,,,,,,,,,,,2025-04-21 09:53:32.563
tf,NFO,79518,,,,,119.70,-44.71,,1745209413,,,,,,,,,,,,2025-04-21 09:53:33.562
tf,NFO,79518,,,,,120.05,-44.55,,1745209414,,,,144.17,24541575,,,120.10,120.40,,975,2025-04-21 09:53:33.808
tf,NFO,79518,,,,,119.55,-44.78,,1745209414,,,,,,,,,,,,2025-04-21 09:53:34.486
tf,NFO,79518,,,,,120.15,-44.50,,1745209415,,,,144.16,24553875,,,119.90,120.15,375,525,2025-04-21 09:53:35.410
tf,NFO,79518,,,,,119.40,-44.85,,1745209416,,,,,,,,,,,,2025-04-21 09:53:36.487
tf,NFO,79518,,,,,119.05,-45.01,,1745209417,,,,144.15,24564450,,,118.85,119.10,150,1875,2025-04-21 09:53:37.015
tf,NFO,79518,,,,,119.00,-45.03,,1745209417,,,,,,,,,,,,2025-04-21 09:53:37.505
tf,NFO,79518,,,,,118.85,-45.10,,1745209418,,,,,,,,,,,,2025-04-21 09:53:38.493
tf,NFO,79518,,,,,118.55,-45.24,,1745209419,,,,144.14,24571350,,,118.35,118.60,900,375,2025-04-21 09:53:38.834
tf,NFO,79518,,,,,118.65,-45.20,,1745209419,,,,,,,,,,,,2025-04-21 09:53:39.539
tf,NFO,79518,,,,,117.70,-45.64,,1745209420,,,,144.13,24584250,,,117.45,117.70,375,1050,2025-04-21 09:53:40.562
tf,NFO,79518,,,,,116.70,-46.10,,1745209421,,,,,,,,,,,,2025-04-21 09:53:41.494
tf,NFO,79518,,,,,117.70,-45.64,,1745209422,,,,144.12,24592575,,,117.50,117.75,1800,225,2025-04-21 09:53:42.024
tf,NFO,79518,,,,,117.45,-45.75,,1745209422,,,,,,,,,,,,2025-04-21 09:53:42.555
tf,NFO,79518,,,,,119.40,-44.85,,1745209423,,,,,,,,,,,,2025-04-21 09:53:43.502
tf,NFO,79518,,,,,,,,1745209424,,,,144.11,24598200,,,119.25,119.50,300,1575,2025-04-21 09:53:43.828
tf,NFO,79518,,,,,118.35,-45.33,,1745209424,,,,,,,,,,,,2025-04-21 09:53:44.495
tf,NFO,79518,,,,,118.45,-45.29,,1745209425,,,,,24600975,,,118.50,118.80,1800,600,2025-04-21 09:53:45.426
tf,NFO,79518,,,,,118.75,-45.15,,1745209425,,,,,,,,,,,,2025-04-21 09:53:45.493
tf,NFO,79518,,,,,118.80,-45.13,,1745209426,,,,,,,,,,,,2025-04-21 09:53:46.524
tf,NFO,79518,,,,,119.10,-44.99,,1745209427,,,,144.10,24609300,,,118.75,119.00,675,450,2025-04-21 09:53:47.079
tf,NFO,79518,,,,,118.60,-45.22,,1745209427,,,,,,,,,,,,2025-04-21 09:53:47.505
tf,NFO,79518,,,,,118.00,-45.50,,1745209428,,,,,,,,,,,,2025-04-21 09:53:48.497
tf,NFO,79518,,,,,118.45,-45.29,,1745209429,,,,144.09,24614400,,,118.20,118.50,1950,1725,2025-04-21 09:53:48.639
tf,NFO,79518,,,,,118.00,-45.50,,1745209429,,,,,,,,,,,,2025-04-21 09:53:49.496
tf,NFO,79518,,,,,118.75,-45.15,,1745209430,,,,,24616500,,,118.85,119.00,225,825,2025-04-21 09:53:50.434
tf,NFO,79518,,,,,119.00,-45.03,,1745209430,,,,,,,,,,,,2025-04-21 09:53:50.496
tf,NFO,79518,,,,,118.20,-45.40,,1745209431,,,,,,,,,,,,2025-04-21 09:53:51.505
tf,NFO,79518,,,,,117.85,-45.57,,1745209432,,,,144.08,24624825,,,117.55,117.85,600,600,2025-04-21 09:53:52.039
tf,NFO,79518,,,,,118.35,-45.33,,1745209432,,,,,,,,,,,,2025-04-21 09:53:52.573
tf,NFO,79518,,,,,117.85,-45.57,,1745209433,,,,,,,,,,,,2025-04-21 09:53:53.498
tf,NFO,79518,,,,,,,,1745209434,,,,,24629325,,,117.70,117.90,525,300,2025-04-21 09:53:53.670
tf,NFO,79518,,,,,118.05,-45.47,,1745209434,,,,,,,,,,,,2025-04-21 09:53:54.608
tf,NFO,79518,,,,,118.30,-45.36,,1745209435,,,,144.07,24635850,,,118.35,118.60,975,,2025-04-21 09:53:55.458
tf,NFO,79518,,,,,118.20,-45.40,,1745209435,,,,,,,,,,,,2025-04-21 09:53:55.500
tf,NFO,79518,,,,,117.50,-45.73,,1745209436,,,,,,,,,,,,2025-04-21 09:53:56.525
tf,NFO,79518,,,,,117.75,-45.61,,1745209437,,,,144.06,24642675,,,117.45,117.75,375,525,2025-04-21 09:53:57.049
tf,NFO,79518,,,,,118.75,-45.15,,1745209437,,,,,,,,,,,,2025-04-21 09:53:57.508
tf,NFO,79518,,,,,117.55,-45.70,,1745209438,,,,,,,,,,,,2025-04-21 09:53:58.503
tf,NFO,79518,,,,,117.75,-45.61,,1745209439,,,,144.05,24652125,,,117.75,118.05,1050,825,2025-04-21 09:53:58.651
tf,NFO,79518,,,,,117.40,-45.77,,1745209439,,,,,,,,,,,,2025-04-21 09:53:59.605
tf,NFO,79518,,,,,117.15,-45.89,,1745209440,,,,144.04,24661875,,,117.05,117.35,750,375,2025-04-21 09:54:00.451
tf,NFO,79518,,,,,117.00,-45.96,,1745209440,,,,,,,,,,,,2025-04-21 09:54:00.634
tf,NFO,79518,,,,,117.60,-45.68,,1745209441,,,,,,,,,,,,2025-04-21 09:54:01.620
tf,NFO,79518,,,,,117.25,-45.84,,1745209442,,,,,24665175,,,117.15,117.45,1275,675,2025-04-21 09:54:02.061
tf,NFO,79518,,,,,116.50,-46.19,,1745209442,,,,,,,,,,,,2025-04-21 09:54:02.514
tf,NFO,79518,,,,,117.25,-45.84,,1745209443,,,,,,,,,,,,2025-04-21 09:54:03.509
tf,NFO,79518,,,,,117.10,-45.91,,1745209444,,,,,24668475,,,117.10,117.25,525,150,2025-04-21 09:54:03.658
tf,NFO,79518,,,,,117.05,-45.94,,1745209444,,,,,,,,,,,,2025-04-21 09:54:04.514
tf,NFO,79518,,,,,117.20,-45.87,,1745209445,,,,144.03,24677475,,,,117.35,,375,2025-04-21 09:54:05.546
tf,NFO,79518,,,,,117.85,-45.57,,1745209445,,,,,,,,,,,,2025-04-21 09:54:05.573
tf,NFO,79518,,,,,118.25,-45.38,,1745209446,,,,,,,,,,,,2025-04-21 09:54:06.581
tf,NFO,79518,,,,,117.90,-45.54,,1745209447,,,,144.02,24681675,,,117.50,117.70,675,150,2025-04-21 09:54:07.063
tf,NFO,79518,,,,,116.95,-45.98,,1745209447,,,,,,,,,,,,2025-04-21 09:54:07.506
tf,NFO,79518,,,,,117.05,-45.94,,1745209448,,,,,,,,,,,,2025-04-21 09:54:08.507
tf,NFO,79518,,,,,,,,1745209449,,,,,24686025,,,117.10,117.25,225,450,2025-04-21 09:54:08.668
tf,NFO,79518,,,,,117.25,-45.84,,1745209449,,,,,,,,,,,,2025-04-21 09:54:09.525
tf,NFO,79518,,,,,117.65,-45.66,,1745209450,,,,144.01,24691125,,,117.75,118.00,75,1875,2025-04-21 09:54:10.468
tf,NFO,79518,,,,,118.00,-45.50,,1745209451,,,,,,,,,,,,2025-04-21 09:54:11.511
tf,NFO,79518,,,,,117.95,-45.52,,1745209452,,,,,24695625,,,117.35,117.60,525,600,2025-04-21 09:54:12.075
tf,NFO,79518,,,,,117.85,-45.57,,1745209452,,,,,,,,,,,,2025-04-21 09:54:12.561
tf,NFO,79518,,,,,118.50,-45.27,,1745209453,,,,,,,,,,,,2025-04-21 09:54:13.561
tf,NFO,79518,,,,,117.35,-45.80,,1745209454,,,,144.00,24699600,,,,,225,1425,2025-04-21 09:54:13.759
tf,NFO,79518,,,,,117.95,-45.52,,1745209454,,,,,,,,,,,,2025-04-21 09:54:14.515
tf,NFO,79518,,,,,117.70,-45.64,,1745209455,,,,143.99,24713100,,,117.15,117.45,900,375,2025-04-21 09:54:15.473
tf,NFO,79518,,,,,115.95,-46.44,,1745209456,,,,,,,,,,,,2025-04-21 09:54:16.547
tf,NFO,79518,,,,,116.65,-46.12,,1745209457,,,,143.98,24723525,,,116.10,116.35,150,,2025-04-21 09:54:17.080
tf,NFO,79518,,,,,116.30,-46.28,,1745209457,,,,,,,,,,,,2025-04-21 09:54:17.555
tf,NFO,79518,,,,,116.00,-46.42,,1745209459,,,,143.97,24727875,,,115.90,116.10,75,900,2025-04-21 09:54:18.679
tf,NFO,79518,,,,,114.70,-47.02,,1745209459,,,,,,,,,,,,2025-04-21 09:54:20.070
tf,NFO,79518,,,,,114.80,-46.97,,1745209460,,,,143.94,24755700,,,114.65,114.90,150,300,2025-04-21 09:54:20.319
tf,NFO,79518,,,,,114.50,-47.11,,1745209460,,,,,,,,,,,,2025-04-21 09:54:20.587
tf,NFO,79518,,,,,113.95,-47.37,,1745209462,,,,143.92,24773025,,,114.15,114.40,675,600,2025-04-21 09:54:22.083
tf,NFO,79518,,,,,114.90,-46.93,,1745209462,,,,,,,,,,,,2025-04-21 09:54:22.519
tf,NFO,79518,,,,,113.80,-47.44,,1745209463,,,,,,,,,,,,2025-04-21 09:54:23.555
tf,NFO,79518,,,,,,,,1745209464,,,,143.90,24786975,,,113.65,113.85,75,225,2025-04-21 09:54:23.760
tf,NFO,79518,,,,,114.00,-47.34,,1745209464,,,,,,,,,,,,2025-04-21 09:54:24.614
tf,NFO,79518,,,,,113.90,-47.39,,1745209465,,,,143.89,24799875,,,114.00,114.25,3300,75,2025-04-21 09:54:25.427
tf,NFO,79518,,,,,114.00,-47.34,,1745209465,,,,,,,,,,,,2025-04-21 09:54:25.672
tf,NFO,79518,,,,,113.85,-47.41,,1745209466,,,,,,,,,,,,2025-04-21 09:54:26.831
tf,NFO,79518,,,,,113.90,-47.39,,1745209467,,,,143.88,24805500,,,113.90,114.15,225,525,2025-04-21 09:54:27.104
tf,NFO,79518,,,,,114.40,-47.16,,1745209467,,,,,,,,,,,,2025-04-21 09:54:27.561
tf,NFO,79518,,,,,114.65,-47.04,,1745209468,,,,,,,,,,,,2025-04-21 09:54:28.527
tf,NFO,79518,,,,,114.50,-47.11,,1745209469,,,,143.87,24810450,,,114.25,114.50,450,675,2025-04-21 09:54:28.747
tf,NFO,79518,,,,,113.95,-47.37,,1745209469,,,,,,,,,,,,2025-04-21 09:54:29.524
tf,NFO,79518,,,,,115.00,-46.88,,1745209470,,,,,24817275,,,114.75,115.00,,2250,2025-04-21 09:54:30.299
tf,NFO,79518,,,,,114.75,-47.00,,1745209470,,,,,,,,,,,,2025-04-21 09:54:30.544
tf,NFO,79518,,,,,113.90,-47.39,,1745209471,,,,,,,,,,,,2025-04-21 09:54:31.574
tf,NFO,79518,,,,,113.95,-47.37,,1745209472,,,,143.86,24823725,,,113.75,114.00,675,750,2025-04-21 09:54:31.928
tf,NFO,79518,,,,,114.55,-47.09,,1745209472,,,,,,,,,,,,2025-04-21 09:54:32.561
tf,NFO,79518,,,,,114.90,-46.93,,1745209473,,,,143.85,24832500,,,114.95,115.20,450,1350,2025-04-21 09:54:33.574
tf,NFO,79518,,,,,114.45,-47.14,,1745209474,,,,,,,,,,,,2025-04-21 09:54:34.619
tf,NFO,79518,,,,,,,,1745209475,,,,143.84,24839025,,,114.55,114.80,375,1125,2025-04-21 09:54:35.422
tf,NFO,79518,,,,,114.50,-47.11,,1745209475,,,,,,,,,,,,2025-04-21 09:54:35.733
tf,NFO,79518,,,,,114.30,-47.21,,1745209476,,,,,,,,,,,,2025-04-21 09:54:36.529
tf,NFO,79518,,,,,114.40,-47.16,,1745209477,,,,143.83,24846525,,,114.15,114.30,,75,2025-04-21 09:54:36.704
tf,NFO,79518,,,,,113.85,-47.41,,1745209477,,,,,,,,,,,,2025-04-21 09:54:37.529
tf,NFO,79518,,,,,114.40,-47.16,,1745209478,,,,143.82,24854475,,,114.10,114.40,900,825,2025-04-21 09:54:38.348
tf,NFO,79518,,,,,,,,1745209478,,,,,,3997275,,,,,,2025-04-21 09:54:38.566
tf,NFO,79518,,,,,113.50,-47.58,,1745209479,,,,,,,,,,,,2025-04-21 09:54:39.561
tf,NFO,79518,,,,,113.55,-47.55,,1745209480,,,,143.81,24867525,,,113.30,113.55,300,900,2025-04-21 09:54:40.128
tf,NFO,79518,,,,,113.20,-47.71,,1745209480,,,,,,,,,,,,2025-04-21 09:54:40.549
tf,NFO,79518,,,,,112.85,-47.88,,1745209481,,,,,,,,,,,,2025-04-21 09:54:41.529
tf,NFO,79518,,,,,,,,1745209482,,,,143.80,24871125,,,112.85,113.00,75,75,2025-04-21 09:54:41.711
tf,NFO,79518,,,,,112.55,-48.01,,1745209482,,,,,,,,,,,,2025-04-21 09:54:42.529
tf,NFO,79518,,,,,113.10,-47.76,,1745209483,,,,143.77,24894150,,,113.15,113.35,,150,2025-04-21 09:54:43.330
tf,NFO,79518,,,,,113.00,-47.81,,1745209484,,,,,,,,,,,,2025-04-21 09:54:44.532
tf,NFO,79518,,,,,113.25,-47.69,,1745209485,,,,143.76,24903300,,,113.05,,825,450,2025-04-21 09:54:45.118
tf,NFO,79518,,,,,112.55,-48.01,,1745209485,,,,,,,,,,,,2025-04-21 09:54:45.625
tf,NFO,79518,,,,,113.05,-47.78,,1745209486,,,,,,,,,,,,2025-04-21 09:54:46.687
tf,NFO,79518,,,,,113.40,-47.62,,1745209487,,,,143.75,24909600,,,113.20,113.45,900,,2025-04-21 09:54:46.733
tf,NFO,79518,,,,,112.60,-47.99,,1745209487,,,,,,,,,,,,2025-04-21 09:54:47.616
tf,NFO,79518,,,,,112.25,-48.15,,1745209488,,,,143.74,24919425,,,112.10,112.20,75,1500,2025-04-21 09:54:48.398
tf,NFO,79518,,,,,112.20,-48.18,,1745209488,,,,,,,,,,,,2025-04-21 09:54:48.577
tf,NFO,79518,,,,,112.35,-48.11,,1745209489,,,,,,,,,,,,2025-04-21 09:54:49.533
tf,NFO,79518,,,,,112.70,-47.94,,1745209490,,,,143.73,24925875,,,112.55,112.75,150,375,2025-04-21 09:54:50.124
tf,NFO,79518,,,,,112.20,-48.18,,1745209490,,,,,,,,,,,,2025-04-21 09:54:50.537
tf,NFO,79518,,,,,113.30,-47.67,,1745209491,,,,,,,,,,,,2025-04-21 09:54:51.533
tf,NFO,79518,,,,,113.05,-47.78,,1745209492,,,,143.71,24940800,,,113.25,113.50,300,975,2025-04-21 09:54:51.726
tf,NFO,79518,,,,,112.40,-48.08,,1745209492,,,,,,,,,,,,2025-04-21 09:54:52.536
tf,NFO,79518,,,,,112.30,-48.13,,1745209493,,,,,24947475,,,112.00,112.15,8025,1050,2025-04-21 09:54:53.448
tf,NFO,79518,,,,,111.65,-48.43,,1745209493,,,,,,,,,,,,2025-04-21 09:54:53.547
tf,NFO,79518,,,,,111.30,-48.59,,1745209494,,,,,,,,,,,,2025-04-21 09:54:54.540
tf,NFO,79518,,,,,112.00,-48.27,,1745209495,,,,143.68,24967500,,,111.95,112.10,75,300,2025-04-21 09:54:55.132
tf,NFO,79518,,,,,111.80,-48.36,,1745209496,,,,,,,,,,,,2025-04-21 09:54:55.738
tf,NFO,79518,,,,,111.75,-48.38,,1745209496,,,,,,,,,,,,2025-04-21 09:54:56.538
tf,NFO,79518,,,,,112.00,-48.27,,1745209497,,,,143.67,24977250,,,111.85,,525,75,2025-04-21 09:54:56.737
tf,NFO,79518,,,,,112.30,-48.13,,1745209497,,,,,,,,,,,,2025-04-21 09:54:57.622
tf,NFO,79518,,,,,112.20,-48.18,,1745209498,,,,143.65,24988275,,,111.95,112.20,450,1575,2025-04-21 09:54:58.588
tf,NFO,79518,,,,,112.00,-48.27,,1745209498,,,,,,,,,,,,2025-04-21 09:54:58.862
tf,NFO,79518,,,,,110.80,-48.82,,1745209499,,,,,,,,,,,,2025-04-21 09:54:59.800
tf,NFO,79518,,,,,111.45,-48.52,,1745209500,,,,143.59,25033425,,,111.30,111.50,75,150,2025-04-21 09:55:00.192
tf,NFO,79518,,,,,110.70,-48.87,,1745209500,,,,,,,,,,,,2025-04-21 09:55:00.570
tf,NFO,79518,,,,,112.25,-48.15,,1745209501,,,,,,,,,,,,2025-04-21 09:55:01.541
tf,NFO,79518,,,,,112.30,-48.13,,1745209502,,,,143.58,25047075,,,112.00,112.25,375,525,2025-04-21 09:55:01.747
tf,NFO,79518,,,,,113.10,-47.76,,1745209502,,,,,,,,,,,,2025-04-21 09:55:02.543
tf,NFO,79518,,,,,112.65,-47.97,,1745209503,,,,143.56,25060125,,,112.30,112.60,1500,900,2025-04-21 09:55:03.348
tf,NFO,79518,,,,,112.50,-48.04,,1745209503,,,,,,,,,,,,2025-04-21 09:55:03.542
tf,NFO,79518,,,,,111.70,-48.41,,1745209504,,,,,,,,,,,,2025-04-21 09:55:04.543
tf,NFO,79518,,,,,111.40,-48.55,,1745209505,,,,143.55,25067175,,,111.30,111.45,525,75,2025-04-21 09:55:05.146
tf,NFO,79518,,,,,111.50,-48.50,,1745209505,,,,,,,,,,,,2025-04-21 09:55:05.754
tf,NFO,79518,,,,,111.10,-48.68,,1745209506,,,,,,,,,,,,2025-04-21 09:55:06.575
tf,NFO,79518,,,,,110.80,-48.82,,1745209507,,,,,25071600,,,110.55,110.75,300,750,2025-04-21 09:55:06.780
tf,NFO,79518,,,,,111.00,-48.73,,1745209507,,,,,,,,,,,,2025-04-21 09:55:07.586
tf,NFO,79518,,,,,109.80,-49.28,,1745209508,,,,143.52,25095150,,,109.90,110.05,375,75,2025-04-21 09:55:08.497
tf,NFO,79518,,,,,109.85,-49.26,,1745209508,,,,,,,,,,,,2025-04-21 09:55:08.700
tf,NFO,79518,,,,,109.90,-49.24,,1745209509,,,,,,,,,,,,2025-04-21 09:55:09.551
tf,NFO,79518,,,,,109.65,-49.35,,1745209510,,,,143.48,25118925,,,109.70,109.95,750,225,2025-04-21 09:55:10.153
tf,NFO,79518,,,,,109.50,-49.42,,1745209510,,,,,,,,,,,,2025-04-21 09:55:10.548
tf,NFO,79518,,,,,108.50,-49.88,,1745209511,,,,,,,,,,,,2025-04-21 09:55:11.562
tf,NFO,79518,,,,,108.95,-49.68,,1745209512,,,,143.46,25138350,,,108.65,108.95,450,1950,2025-04-21 09:55:11.875
tf,NFO,79518,,,,,108.70,-49.79,,1745209512,,,,,,,,,,,,2025-04-21 09:55:12.550
tf,NFO,79518,,,,,108.40,-49.93,,1745209513,,,,143.44,25149675,,,108.30,108.55,1200,300,2025-04-21 09:55:13.381
tf,NFO,79518,,,,,108.70,-49.79,,1745209513,,,,,,,,,,,,2025-04-21 09:55:13.551
tf,NFO,79518,,,,,108.10,-50.07,,1745209514,,,,,,,,,,,,2025-04-21 09:55:14.552
tf,NFO,79518,,,,,107.10,-50.53,,1745209515,,,106.00,143.38,25192800,,,107.05,107.25,75,675,2025-04-21 09:55:15.161
tf,NFO,79518,,,,,106.80,-50.67,,1745209515,,,,,,,,,,,,2025-04-21 09:55:15.549
tf,NFO,79518,,,,,106.30,-50.90,,1745209516,,,,,,,,,,,,2025-04-21 09:55:16.565
tf,NFO,79518,,,,,106.00,-51.04,,1745209517,,,,143.34,25219950,,,105.90,106.10,,600,2025-04-21 09:55:16.770
tf,NFO,79518,,,,,102.00,-52.89,,1745209518,,,,,,,,,,,,2025-04-21 09:55:17.752
tf,NFO,79518,,,,,102.05,-52.86,,1745209518,,,101.50,143.16,25332375,,,102.05,102.20,375,450,2025-04-21 09:55:18.437
tf,NFO,79518,,,,,101.85,-52.96,,1745209518,,,,,,,,,,,,2025-04-21 09:55:18.629
tf,NFO,79518,,,,,101.65,-53.05,,1745209520,,,,,,,,,,,,2025-04-21 09:55:19.881
tf,NFO,79518,,,,,101.75,-53.00,,1745209520,,,100.80,143.06,25392000,,,101.75,102.00,300,600,2025-04-21 09:55:20.167
tf,NFO,79518,,,,,101.70,-53.03,,1745209520,,,,,,,,,,,,2025-04-21 09:55:20.556
tf,NFO,79518,,,,,101.30,-53.21,,1745209521,,,,,,,,,,,,2025-04-21 09:55:21.569
tf,NFO,79518,,,,,101.45,-53.14,,1745209522,,,,142.97,25447725,,,101.35,101.60,675,150,2025-04-21 09:55:21.770
tf,NFO,79518,,,,,101.70,-53.03,,1745209522,,,,,,,,,,,,2025-04-21 09:55:22.556
tf,NFO,79518,,,,,102.10,-52.84,,1745209523,,,100.60,142.92,25478700,,,102.10,102.20,225,,2025-04-21 09:55:23.379
tf,NFO,79518,,,,,101.75,-53.00,,1745209523,,,,,,,,,,,,2025-04-21 09:55:23.566
tf,NFO,79518,,,,,103.35,-52.26,,1745209525,,,,,,,,,,,,2025-04-21 09:55:24.755
tf,NFO,79518,,,,,103.15,-52.36,,1745209525,,,,142.88,25509225,,,102.90,103.10,75,825,2025-04-21 09:55:25.029
tf,NFO,79518,,,,,103.95,-51.99,,1745209525,,,,,,,,,,,,2025-04-21 09:55:25.689
tf,NFO,79518,,,,,103.60,-52.15,,1745209526,,,,,,,,,,,,2025-04-21 09:55:26.562
tf,NFO,79518,,,,,103.10,-52.38,,1745209527,,,,142.85,25526475,,,102.85,103.15,150,675,2025-04-21 09:55:26.779
tf,NFO,79518,,,,,102.40,-52.70,,1745209527,,,,,,,,,,,,2025-04-21 09:55:27.561
tf,NFO,79518,,,,,101.20,-53.26,,1745209528,,,,142.81,25548900,,,101.10,101.30,225,150,2025-04-21 09:55:28.381
tf,NFO,79518,,,,,101.35,-53.19,,1745209528,,,,,,,,,,,,2025-04-21 09:55:28.565
tf,NFO,79518,,,,,101.80,-52.98,,1745209529,,,,,,,,,,,,2025-04-21 09:55:29.560
tf,NFO,79518,,,,,102.75,-52.54,,1745209530,,,,142.78,25568475,,,102.75,102.95,375,,2025-04-21 09:55:29.987
tf,NFO,79518,,,,,102.70,-52.56,,1745209530,,,,,,,,,,,,2025-04-21 09:55:30.563
tf,NFO,79518,,,,,103.35,-52.26,,1745209531,,,,,,,,,,,,2025-04-21 09:55:31.593
tf,NFO,79518,,,,,103.40,-52.24,,1745209532,,,,142.73,25599675,,,103.50,103.75,450,600,2025-04-21 09:55:31.783
tf,NFO,79518,,,,,103.35,-52.26,,1745209532,,,,,,,,,,,,2025-04-21 09:55:32.628
tf,NFO,79518,,,,,103.00,-52.42,,1745209533,,,,142.71,25613250,,,102.80,103.05,225,450,2025-04-21 09:55:33.388
tf,NFO,79518,,,,,103.05,-52.40,,1745209533,,,,,,,,,,,,2025-04-21 09:55:33.565
tf,NFO,79518,,,,,103.55,-52.17,,1745209534,,,,,,,,,,,,2025-04-21 09:55:34.565
tf,NFO,79518,,,,,103.65,-52.12,,1745209535,,,,142.70,25621800,,,103.40,103.60,1425,150,2025-04-21 09:55:34.998
tf,NFO,79518,,,,,103.95,-51.99,,1745209535,,,,,,,,,,,,2025-04-21 09:55:35.563
tf,NFO,79518,,,,,104.00,-51.96,,1745209536,,,,,,,,,,,,2025-04-21 09:55:36.594
tf,NFO,79518,,,,,103.55,-52.17,,1745209537,,,,142.68,25633275,,,103.45,103.55,150,,2025-04-21 09:55:36.803
tf,NFO,79518,,,,,102.90,-52.47,,1745209537,,,,,,,,,,,,2025-04-21 09:55:37.567
tf,NFO,79518,,,,,103.10,-52.38,,1745209538,,,,142.67,25640100,,,102.85,103.05,1425,75,2025-04-21 09:55:38.415
tf,NFO,79518,,,,,103.05,-52.40,,1745209538,,,,,,,,,,,,2025-04-21 09:55:38.573
tf,NFO,79518,,,,,103.15,-52.36,,1745209539,,,,,,,,,,,,2025-04-21 09:55:39.577
tf,NFO,79518,,,,,103.20,-52.33,,1745209540,,,,142.66,25647525,,,103.10,103.35,300,1350,2025-04-21 09:55:40.134
tf,NFO,79518,,,,,103.10,-52.38,,1745209540,,,,,,,,,,,,2025-04-21 09:55:40.581
tf,NFO,79518,,,,,102.65,-52.59,,1745209541,,,,,,,,,,,,2025-04-21 09:55:41.576
tf,NFO,79518,,,,,103.00,-52.42,,1745209542,,,,142.64,25658775,,,103.00,103.25,975,450,2025-04-21 09:55:41.843
tf,NFO,79518,,,,,102.85,-52.49,,1745209542,,,,,,,,,,,,2025-04-21 09:55:42.568
tf,NFO,79518,,,,,,,,1745209543,,,,142.61,25677300,,,102.85,103.00,75,,2025-04-21 09:55:43.403
tf,NFO,79518,,,,,103.20,-52.33,,1745209543,,,,,,,,,,,,2025-04-21 09:55:43.576
tf,NFO,79518,,,,,103.10,-52.38,,1745209544,,,,,,,,,,,,2025-04-21 09:55:44.570
tf,NFO,79518,,,,,103.40,-52.24,,1745209545,,,,142.59,25689750,,,103.15,103.35,,150,2025-04-21 09:55:45.072
tf,NFO,79518,,,,,104.00,-51.96,,1745209545,,,,,,,,,,,,2025-04-21 09:55:45.648
tf,NFO,79518,,,,,104.05,-51.94,,1745209546,,,,,,,,,,,,2025-04-21 09:55:46.570
tf,NFO,79518,,,,,103.85,-52.03,,1745209547,,,,142.58,25696125,,,104.00,104.25,150,1050,2025-04-21 09:55:46.810
tf,NFO,79518,,,,,103.75,-52.08,,1745209547,,,,,,,,,,,,2025-04-21 09:55:47.575
tf,NFO,79518,,,,,103.40,-52.24,,1745209548,,,,142.57,25707300,,,103.10,103.35,1200,675,2025-04-21 09:55:48.412
tf,NFO,79518,,,,,103.10,-52.38,,1745209548,,,,,,,,,,,,2025-04-21 09:55:48.573
tf,NFO,79518,,,,,103.15,-52.36,,1745209549,,,,,,,,,,,,2025-04-21 09:55:49.578
tf,NFO,79518,,,,,103.10,-52.38,,1745209550,,,,142.56,25713375,,,,,1050,900,2025-04-21 09:55:50.016
tf,NFO,79518,,,,,103.15,-52.36,,1745209550,,,,,,,,,,,,2025-04-21 09:55:50.583
tf,NFO,79518,,,,,103.45,-52.22,,1745209551,,,,,,,,,,,,2025-04-21 09:55:51.604
tf,NFO,79518,,,,,103.20,-52.33,,1745209552,,,,142.54,25723125,,,103.15,103.40,525,1050,2025-04-21 09:55:51.887
tf,NFO,79518,,,,,104.00,-51.96,,1745209552,,,,,,,,,,,,2025-04-21 09:55:52.662
tf,NFO,79518,,,,,105.00,-51.50,,1745209553,,,,142.49,25757100,,,104.90,105.00,75,75,2025-04-21 09:55:53.428
tf,NFO,79518,,,,,104.60,-51.69,,1745209554,,,,,,,,,,,,2025-04-21 09:55:53.787
tf,NFO,79518,,,,,104.90,-51.55,,1745209554,,,,,,,,,,,,2025-04-21 09:55:54.575
tf,NFO,79518,,,,,104.75,-51.62,,1745209555,,,,142.48,25767750,,,104.60,104.80,825,300,2025-04-21 09:55:55.035
tf,NFO,79518,,,,,104.70,-51.64,,1745209555,,,,,,,,,,,,2025-04-21 09:55:55.578
tf,NFO,79518,,,,,104.95,-51.52,,1745209556,,,,,,,,,,,,2025-04-21 09:55:56.579
tf,NFO,79518,,,,,,,,1745209557,,,,142.46,25779375,,,104.95,105.15,1200,75,2025-04-21 09:55:56.831
tf,NFO,79518,,,,,104.65,-51.66,,1745209557,,,,,,,,,,,,2025-04-21 09:55:57.577
tf,NFO,79518,,,,,105.75,-51.15,,1745209558,,,,142.43,25800525,,,105.50,105.70,2025,225,2025-04-21 09:55:58.537
tf,NFO,79518,,,,,105.65,-51.20,,1745209558,,,,,,,,,,,,2025-04-21 09:55:58.618
tf,NFO,79518,,,,,106.80,-50.67,,1745209559,,,,,,,,,,,,2025-04-21 09:55:59.593
tf,NFO,79518,,,,,107.85,-50.18,,1745209560,,,,142.41,25816800,,,107.75,107.95,150,525,2025-04-21 09:56:00.035
tf,NFO,79518,,,,,107.65,-50.28,,1745209560,,,,,,,,,,,,2025-04-21 09:56:00.583
tf,NFO,79518,,,,,107.00,-50.58,,1745209561,,,,,,,,,,,,2025-04-21 09:56:01.583
tf,NFO,79518,,,,,107.25,-50.46,,1745209562,,,,142.39,25827300,,,107.05,107.25,225,375,2025-04-21 09:56:01.831
tf,NFO,79518,,,,,107.85,-50.18,,1745209562,,,,,,,,,,,,2025-04-21 09:56:02.583
tf,NFO,79518,,,,,107.30,-50.44,,1745209563,,,,142.37,25843800,,,107.25,107.45,75,75,2025-04-21 09:56:03.456
tf,NFO,79518,,,,,107.25,-50.46,,1745209563,,,,,,,,,,,,2025-04-21 09:56:03.588
tf,NFO,79518,,,,,108.10,-50.07,,1745209564,,,,,,,,,,,,2025-04-21 09:56:04.585
tf,NFO,79518,,,,,107.50,-50.35,,1745209565,,,,142.36,25855800,,,107.40,107.60,,1200,2025-04-21 09:56:05.139
tf,NFO,79518,,,,,107.75,-50.23,,1745209565,,,,,,,,,,,,2025-04-21 09:56:05.604
tf,NFO,79518,,,,,107.60,-50.30,,1745209566,,,,,,,,,,,,2025-04-21 09:56:06.591
tf,NFO,79518,,,,,107.55,-50.32,,1745209567,,,,142.34,25866675,,,107.30,107.55,1275,375,2025-04-21 09:56:06.839
tf,NFO,79518,,,,,107.00,-50.58,,1745209567,,,,,,,,,,,,2025-04-21 09:56:07.585
tf,NFO,79518,,,,,106.70,-50.72,,1745209568,,,,142.33,25875975,,,106.35,106.60,225,825,2025-04-21 09:56:08.450
tf,NFO,79518,,,,,107.95,-50.14,,1745209569,,,,,,,,,,,,2025-04-21 09:56:09.584
tf,NFO,79518,,,,,108.40,-49.93,,1745209570,,,,142.29,25905900,,,107.90,108.15,1200,525,2025-04-21 09:56:10.075
tf,NFO,79518,,,,,108.25,-50.00,,1745209570,,,,,,,,,,,,2025-04-21 09:56:10.609
tf,NFO,79518,,,,,107.95,-50.14,,1745209572,,,,,,,,,,,,2025-04-21 09:56:11.816
tf,NFO,79518,,,,,108.05,-50.09,,1745209572,,,,142.28,25912425,,,107.75,108.05,1125,900,2025-04-21 09:56:11.851
tf,NFO,79518,,,,,107.80,-50.21,,1745209572,,,,,,,,,,,,2025-04-21 09:56:12.701
tf,NFO,79518,,,,,107.65,-50.28,,1745209573,,,,142.27,25918500,,,107.70,107.95,1650,600,2025-04-21 09:56:13.549
tf,NFO,79518,,,,,107.85,-50.18,,1745209573,,,,,,,,,,,,2025-04-21 09:56:13.588
tf,NFO,79518,,,,,107.25,-50.46,,1745209574,,,,,,,,,,,,2025-04-21 09:56:14.588
tf,NFO,79518,,,,,107.30,-50.44,,1745209575,,,,142.26,25928025,,,107.05,107.30,375,675,2025-04-21 09:56:15.168
tf,NFO,79518,,,,,106.75,-50.69,,1745209575,,,,,,,,,,,,2025-04-21 09:56:15.591
tf,NFO,79518,,,,,107.75,-50.23,,1745209576,,,,,,,,,,,,2025-04-21 09:56:16.592
tf,NFO,79518,,,,,107.80,-50.21,,1745209577,,,,142.23,25949250,,,107.60,107.85,1725,375,2025-04-21 09:56:16.872
tf,NFO,79518,,,,,107.20,-50.48,,1745209577,,,,,,,,,,,,2025-04-21 09:56:17.596
tf,NFO,79518,,,,,106.65,-50.74,,1745209578,,,,142.22,25957050,,,106.65,106.70,300,75,2025-04-21 09:56:18.509
tf,NFO,79518,,,,,107.10,-50.53,,1745209578,,,,,,,,,,,,2025-04-21 09:56:18.589
tf,NFO,79518,,,,,107.45,-50.37,,1745209579,,,,,,,,,,,,2025-04-21 09:56:19.592
tf,NFO,79518,,,,,107.30,-50.44,,1745209580,,,,142.21,25964625,,,107.30,107.45,1275,150,2025-04-21 09:56:20.065
tf,NFO,79518,,,,,108.00,-50.12,,1745209580,,,,,,,,,,,,2025-04-21 09:56:20.590
tf,NFO,79518,,,,,108.45,-49.91,,1745209581,,,,,,,,,,,,2025-04-21 09:56:21.593
tf,NFO,79518,,,,,108.40,-49.93,,1745209582,,,,142.20,25972125,,,108.50,108.70,1575,75,2025-04-21 09:56:21.864
tf,NFO,79518,,,,,108.50,-49.88,,1745209582,,,,,,,,,,,,2025-04-21 09:56:22.597
tf,NFO,79518,,,,,109.30,-49.52,,1745209583,,,,142.19,25979850,,,109.25,109.30,300,,2025-04-21 09:56:23.469
tf,NFO,79518,,,,,109.25,-49.54,,1745209583,,,,,,,,,,,,2025-04-21 09:56:23.595
tf,NFO,79518,,,,,108.95,-49.68,,1745209584,,,,,,,,,,,,2025-04-21 09:56:24.600
tf,NFO,79518,,,,,109.25,-49.54,,1745209585,,,,142.17,25993200,,,,109.45,,450,2025-04-21 09:56:25.155
tf,NFO,79518,,,,,109.60,-49.38,,1745209585,,,,,,,,,,,,2025-04-21 09:56:25.638
tf,NFO,79518,,,,,109.50,-49.42,,1745209586,,,,,,,,,,,,2025-04-21 09:56:26.596
tf,NFO,79518,,,,,109.60,-49.38,,1745209587,,,,,25997625,,,109.55,109.75,600,75,2025-04-21 09:56:26.872
tf,NFO,79518,,,,,110.05,-49.17,,1745209587,,,,,,,,,,,,2025-04-21 09:56:27.597
tf,NFO,79518,,,,,110.45,-48.98,,1745209588,,,,142.15,26011200,,,110.05,110.20,75,375,2025-04-21 09:56:28.479
tf,NFO,79518,,,,,109.80,-49.28,,1745209588,,,,,,,,,,,,2025-04-21 09:56:28.604
tf,NFO,79518,,,,,108.75,-49.77,,1745209589,,,,,,,,,,,,2025-04-21 09:56:29.597
tf,NFO,79518,,,,,109.25,-49.54,,1745209590,,,,142.14,26019300,,,108.95,109.20,450,600,2025-04-21 09:56:30.082
tf,NFO,79518,,,,,109.20,-49.56,,1745209590,,,,,,,,,,,,2025-04-21 09:56:30.602
tf,NFO,79518,,,,,107.90,-50.16,,1745209591,,,,,,,,,,,,2025-04-21 09:56:31.626
tf,NFO,79518,,,,,107.75,-50.23,,1745209592,,,,142.12,26031600,,,107.65,107.90,150,975,2025-04-21 09:56:31.959
tf,NFO,79518,,,,,108.00,-50.12,,1745209592,,,,,,,,,,,,2025-04-21 09:56:32.608
tf,NFO,79518,,,,,108.35,-49.95,,1745209593,,,,,26035650,,,108.15,108.35,75,150,2025-04-21 09:56:33.494
tf,NFO,79518,,,,,108.40,-49.93,,1745209593,,,,,,,,,,,,2025-04-21 09:56:33.609
tf,NFO,79518,,,,,107.40,-50.39,,1745209594,,,,,,,,,,,,2025-04-21 09:56:34.603
tf,NFO,79518,,,,,107.20,-50.48,,1745209595,,,,142.10,26048925,,,107.15,107.40,975,525,2025-04-21 09:56:35.100
tf,NFO,79518,,,,,107.65,-50.28,,1745209595,,,,,,,,,,,,2025-04-21 09:56:35.604
tf,NFO,79518,,,,,107.45,-50.37,,1745209596,,,,,,,,,,,,2025-04-21 09:56:36.604
tf,NFO,79518,,,,,,,,1745209597,,,,142.09,26054625,,,107.10,107.30,1575,225,2025-04-21 09:56:36.694
tf,NFO,79518,,,,,107.30,-50.44,,1745209597,,,,,,,,,,,,2025-04-21 09:56:37.606
tf,NFO,79518,,,,,106.80,-50.67,,1745209598,,,,142.08,26063100,,,106.80,106.95,825,75,2025-04-21 09:56:38.564
tf,NFO,79518,,,,,108.00,-50.12,,1745209599,,,,,,,,,,,,2025-04-21 09:56:39.610
tf,NFO,79518,,,,,107.00,-50.58,,1745209600,,,,142.07,26069850,,,106.75,106.85,600,150,2025-04-21 09:56:40.097
tf,NFO,79518,,,,,106.80,-50.67,,1745209600,,,,,,,,,,,,2025-04-21 09:56:40.610
tf,NFO,79518,,,,,106.35,-50.88,,1745209601,,,,,,,,,,,,2025-04-21 09:56:41.606
tf,NFO,79518,,,,,,,,1745209602,,,,142.06,26078325,,,106.30,106.45,525,75,2025-04-21 09:56:41.701
tf,NFO,79518,,,,,106.90,-50.62,,1745209602,,,,,,,,,,,,2025-04-21 09:56:42.611
tf,NFO,79518,,,,,,,,1745209603,,,,142.05,26085975,,,106.50,106.75,150,1200,2025-04-21 09:56:43.505
tf,NFO,79518,,,,,106.80,-50.67,,1745209603,,,,,,,,,,,,2025-04-21 09:56:43.610
tf,NFO,79518,,,,,105.90,-51.09,,1745209604,,,,,,,,,,,,2025-04-21 09:56:44.618
tf,NFO,79518,,,,,105.75,-51.15,,1745209605,,,,142.04,26097750,,,105.35,105.60,300,750,2025-04-21 09:56:45.110
tf,NFO,79518,,,,,105.65,-51.20,,1745209605,,,,,,,,,,,,2025-04-21 09:56:45.702
tf,NFO,79518,,,,,105.90,-51.09,,1745209606,,,,,,,,,,,,2025-04-21 09:56:46.704
tf,NFO,79518,,,,,106.20,-50.95,,1745209607,,,,142.01,26115750,,,105.85,106.05,75,450,2025-04-21 09:56:46.736
tf,NFO,79518,,,,,105.75,-51.15,,1745209607,,,,,,,,,,,,2025-04-21 09:56:47.754
tf,NFO,79518,,,,,,,,1745209608,,,,142.00,26120250,,,106.15,106.35,525,150,2025-04-21 09:56:48.507
tf,NFO,79518,,,,,106.25,-50.92,,1745209608,,,,,,,,,,,,2025-04-21 09:56:48.611
tf,NFO,79518,,,,,106.95,-50.60,,1745209609,,,,,,,,,,,,2025-04-21 09:56:49.621
tf,NFO,79518,,,,,107.20,-50.48,,1745209610,,,,141.99,26130150,,,107.15,107.40,750,300,2025-04-21 09:56:50.119
tf,NFO,79518,,,,,106.30,-50.90,,1745209610,,,,,,,,,,,,2025-04-21 09:56:50.613
tf,NFO,79518,,,,,106.35,-50.88,,1745209611,,,,,,,,,,,,2025-04-21 09:56:52.281
tf,NFO,79518,,,,,106.60,-50.76,,1745209612,,,,141.97,26143950,,,106.35,106.60,525,225,2025-04-21 09:56:52.291
tf,NFO,79518,,,,,106.80,-50.67,,1745209612,,,,,,,,,,,,2025-04-21 09:56:52.673
tf,NFO,79518,,,,,106.30,-50.90,,1745209613,,,,141.96,26153325,,,106.20,106.50,1575,1275,2025-04-21 09:56:53.516
tf,NFO,79518,,,,,106.50,-50.81,,1745209613,,,,,,,,,,,,2025-04-21 09:56:53.615
tf,NFO,79518,,,,,106.45,-50.83,,1745209614,,,,,,,,,,,,2025-04-21 09:56:54.616
tf,NFO,79518,,,,,106.55,-50.79,,1745209615,,,,141.95,26159325,,,106.10,106.35,1125,1050,2025-04-21 09:56:55.129
tf,NFO,79518,,,,,105.60,-51.22,,1745209615,,,,,,,,,,,,2025-04-21 09:56:55.615
tf,NFO,79518,,,,,105.95,-51.06,,1745209616,,,,,,,,,,,,2025-04-21 09:56:56.616
tf,NFO,79518,,,,,,,,1745209617,,,,141.94,26165925,,,105.95,106.10,375,375,2025-04-21 09:56:56.736
tf,NFO,79518,,,,,105.60,-51.22,,1745209617,,,,,,,,,,,,2025-04-21 09:56:57.615
tf,NFO,79518,,,,,105.75,-51.15,,1745209618,,,,141.93,26171775,,,105.70,105.95,1125,450,2025-04-21 09:56:58.637
tf,NFO,79518,,,,,105.70,-51.18,,1745209618,,,,,,,,,,,,2025-04-21 09:56:58.639
tf,NFO,79518,,,,,105.65,-51.20,,1745209619,,,,,,,,,,,,2025-04-21 09:56:59.617
tf,NFO,79518,,,,,105.35,-51.34,,1745209620,,,,141.92,26182800,,,105.05,105.30,1050,,2025-04-21 09:57:00.138
tf,NFO,79518,,,,,105.20,-51.41,,1745209620,,,,,,,,,,,,2025-04-21 09:57:00.618
tf,NFO,79518,,,,,104.75,-51.62,,1745209621,,,,,,,,,,,,2025-04-21 09:57:01.623
tf,NFO,79518,,,,,104.60,-51.69,,1745209622,,,,141.90,26198775,,,104.45,104.60,225,300,2025-04-21 09:57:01.740
tf,NFO,79518,,,,,105.10,-51.45,,1745209622,,,,,,,,,,,,2025-04-21 09:57:02.627
tf,NFO,79518,,,,,104.90,-51.55,,1745209623,,,,141.88,26206575,,,104.75,105.00,900,750,2025-04-21 09:57:03.532
tf,NFO,79518,,,,,104.75,-51.62,,1745209623,,,,,,,,,,,,2025-04-21 09:57:03.623
tf,NFO,79518,,,,,105.00,-51.50,,1745209624,,,,,,,,,,,,2025-04-21 09:57:04.721
tf,NFO,79518,,,,,105.40,-51.32,,1745209625,,,,,26211300,,,105.25,105.50,300,1200,2025-04-21 09:57:05.161
tf,NFO,79518,,,,,105.25,-51.39,,1745209625,,,,,,,,,,,,2025-04-21 09:57:05.746
tf,NFO,79518,,,,,105.05,-51.48,,1745209626,,,,,,,,,,,,2025-04-21 09:57:06.626
tf,NFO,79518,,,,,105.30,-51.36,,1745209627,,,,141.87,26219325,,,105.10,105.25,150,375,2025-04-21 09:57:06.756
tf,NFO,79518,,,,,105.25,-51.39,,1745209627,,,,,,,,,,,,2025-04-21 09:57:07.647
tf,NFO,79518,,,,,105.65,-51.20,,1745209628,,,,141.86,26221200,,,105.40,105.65,1125,675,2025-04-21 09:57:08.541
tf,NFO,79518,,,,,104.80,-51.59,,1745209629,,,,,,,,,,,,2025-04-21 09:57:09.628
tf,NFO,79518,,,,,105.00,-51.50,,1745209630,,,,,26225475,,,104.70,104.95,1425,600,2025-04-21 09:57:10.180
tf,NFO,79518,,,,,104.50,-51.73,,1745209630,,,,,,,,,,,,2025-04-21 09:57:10.627
tf,NFO,79518,,,,,104.10,-51.92,,1745209631,,,,,,,,,,,,2025-04-21 09:57:11.651
tf,NFO,79518,,,,,104.35,-51.80,,1745209632,,,,141.85,26230725,,,104.10,104.40,1200,1800,2025-04-21 09:57:11.881
tf,NFO,79518,,,,,104.40,-51.78,,1745209632,,,,,,,,,,,,2025-04-21 09:57:12.749
tf,NFO,79518,,,,,104.70,-51.64,,1745209633,,,,141.84,26237400,,,104.45,104.70,300,825,2025-04-21 09:57:13.549
tf,NFO,79518,,,,,104.15,-51.89,,1745209634,,,,,,,,,,,,2025-04-21 09:57:14.631
tf,NFO,79518,,,,,103.75,-52.08,,1745209635,,,,141.83,26246700,,,103.50,103.75,,975,2025-04-21 09:57:15.157
tf,NFO,79518,,,,,104.30,-51.82,,1745209635,,,,,,,,,,,,2025-04-21 09:57:15.632
tf,NFO,79518,,,,,105.15,-51.43,,1745209636,,,,,,,,,,,,2025-04-21 09:57:16.643
tf,NFO,79518,,,,,104.85,-51.57,,1745209637,,,,141.82,26252925,,,104.80,105.05,525,750,2025-04-21 09:57:16.759
tf,NFO,79518,,,,,104.90,-51.55,,1745209637,,,,,,,,,,,,2025-04-21 09:57:17.652
tf,NFO,79518,,,,,104.70,-51.64,,1745209638,,,,141.80,26267250,,,104.70,105.00,1950,1125,2025-04-21 09:57:18.654
tf,NFO,79518,,,,,104.85,-51.57,,1745209639,,,,,,,,,,,,2025-04-21 09:57:19.676
tf,NFO,79518,,,,,,,,1745209640,,,,,26269050,,,104.65,104.90,600,1575,2025-04-21 09:57:20.162
tf,NFO,79518,,,,,105.00,-51.50,,1745209640,,,,,,,,,,,,2025-04-21 09:57:20.704
tf,NFO,79518,,,,,104.80,-51.59,,1745209641,,,,,,,,,,,,2025-04-21 09:57:21.640
tf,NFO,79518,,,,,104.85,-51.57,,1745209642,,,,141.79,26275575,,,104.60,104.85,1875,450,2025-04-21 09:57:21.766
tf,NFO,79518,,,,,104.45,-51.76,,1745209642,,,,,,,,,,,,2025-04-21 09:57:22.658
tf,NFO,79518,,,,,104.15,-51.89,,1745209643,,,,141.77,26285400,,,103.85,104.10,300,1425,2025-04-21 09:57:23.574
tf,NFO,79518,,,,,103.60,-52.15,,1745209644,,,,,,,,,,,,2025-04-21 09:57:24.640
tf,NFO,79518,,,,,104.15,-51.89,,1745209645,,,,141.76,26292000,,,104.05,104.25,675,75,2025-04-21 09:57:25.235
tf,NFO,79518,,,,,104.90,-51.55,,1745209645,,,,,,,,,,,,2025-04-21 09:57:25.654
tf,NFO,79518,,,,,103.70,-52.10,,1745209646,,,,,,,,,,,,2025-04-21 09:57:26.639
tf,NFO,79518,,,,,,,,1745209647,,,,141.75,26299500,,,103.40,103.60,600,150,2025-04-21 09:57:26.775
tf,NFO,79518,,,,,103.45,-52.22,,1745209647,,,,,,,,,,,,2025-04-21 09:57:27.643
tf,NFO,79518,,,,,103.95,-51.99,,1745209648,,,,,26303550,,,104.05,104.25,525,525,2025-04-21 09:57:28.569
tf,NFO,79518,,,,,104.05,-51.94,,1745209650,,,,,,,,,,,,2025-04-21 09:57:29.643
tf,NFO,79518,,,,,104.25,-51.85,,1745209650,,,,141.74,26311050,,,104.10,,75,825,2025-04-21 09:57:30.181
tf,NFO,79518,,,,,103.90,-52.01,,1745209651,,,,,,,,,,,,2025-04-21 09:57:30.645
tf,NFO,79518,,,,,104.35,-51.80,,1745209652,,,,,,,,,,,,2025-04-21 09:57:31.727
tf,NFO,79518,,,,,103.70,-52.10,,1745209652,,,,141.73,26315175,,,103.75,103.95,150,1050,2025-04-21 09:57:31.803
tf,NFO,79518,,,,,103.80,-52.06,,1745209653,,,,,,,,,,,,2025-04-21 09:57:32.652
tf,NFO,79518,,,,,104.25,-51.85,,1745209653,,,,141.72,26320500,,,104.15,104.35,375,225,2025-04-21 09:57:33.576
tf,NFO,79518,,,,,104.20,-51.87,,1745209655,,,,,,,,,,,,2025-04-21 09:57:34.647
tf,NFO,79518,,,,,103.95,-51.99,,1745209655,,,,141.71,26329125,,,103.90,104.15,,600,2025-04-21 09:57:35.188
tf,NFO,79518,,,,,103.70,-52.10,,1745209656,,,,,,,,,,,,2025-04-21 09:57:35.643
tf,NFO,79518,,,,,103.80,-52.06,,1745209657,,,,,,,,,,,,2025-04-21 09:57:36.655
tf,NFO,79518,,,,,103.65,-52.12,,1745209657,,,,141.69,26341650,,,103.50,103.75,1050,1200,2025-04-21 09:57:36.790
tf,NFO,79518,,,,,103.95,-51.99,,1745209658,,,,,,,,,,,,2025-04-21 09:57:37.643
tf,NFO,79518,,,,,103.40,-52.24,,1745209658,,,,141.68,26350950,,,103.25,103.45,675,75,2025-04-21 09:57:38.602
tf,NFO,79518,,,,,103.25,-52.31,,1745209660,,,,,,4092150,,,,,,2025-04-21 09:57:39.643
tf,NFO,79518,,,,,103.65,-52.12,,1745209660,,,,141.67,26355675,,,103.70,103.95,300,1275,2025-04-21 09:57:40.195
tf,NFO,79518,,,,,103.80,-52.06,,1745209662,,,,,,,,,,,,2025-04-21 09:57:41.650
tf,NFO,79518,,,,,103.70,-52.10,,1745209662,,,,,26360475,,,103.65,103.75,,750,2025-04-21 09:57:41.797
tf,NFO,79518,,,,,103.90,-52.01,,1745209663,,,,,,,,,,,,2025-04-21 09:57:42.646
tf,NFO,79518,,,,,103.25,-52.31,,1745209663,,,,141.64,26375400,,,103.25,103.45,225,375,2025-04-21 09:57:43.591
tf,NFO,79518,,,,,103.35,-52.26,,1745209665,,,,,,,,,,,,2025-04-21 09:57:44.696
tf,NFO,79518,,,,,103.40,-52.24,,1745209665,,,,,26378700,,,103.35,103.50,600,75,2025-04-21 09:57:45.199
tf,NFO,79518,,,,,103.60,-52.15,,1745209666,,,,,,,,,,,,2025-04-21 09:57:45.693
tf,NFO,79518,,,,,102.60,-52.61,,1745209667,,,,,,,,,,,,2025-04-21 09:57:46.656
tf,NFO,79518,,,,,102.75,-52.54,,1745209667,,,,141.62,26392050,,,102.50,102.75,1275,825,2025-04-21 09:57:46.798
tf,NFO,79518,,,,,103.15,-52.36,,1745209668,,,,,,,,,,,,2025-04-21 09:57:47.651
tf,NFO,79518,,,,,104.80,-51.59,,1745209668,,,,141.60,26407050,,,104.60,104.80,450,75,2025-04-21 09:57:48.598
tf,NFO,79518,,,,,104.65,-51.66,,1745209669,,,,,,,,,,,,2025-04-21 09:57:48.647
tf,NFO,79518,,,,,104.95,-51.52,,1745209670,,,,,,,,,,,,2025-04-21 09:57:49.655
tf,NFO,79518,,,,,105.30,-51.36,,1745209670,,,,141.58,26416350,,,105.00,105.25,300,825,2025-04-21 09:57:50.208
tf,NFO,79518,,,,,105.05,-51.48,,1745209671,,,,,,,,,,,,2025-04-21 09:57:50.659
tf,NFO,79518,,,,,106.00,-51.04,,1745209672,,,,,,,,,,,,2025-04-21 09:57:51.677
tf,NFO,79518,,,,,105.80,-51.13,,1745209672,,,,,26421300,,,105.85,106.10,600,375,2025-04-21 09:57:51.871
tf,NFO,79518,,,,,106.85,-50.65,,1745209673,,,,141.57,26428575,,,106.55,106.75,300,75,2025-04-21 09:57:53.895
tf,NFO,79518,,,,,106.25,-50.92,,1745209675,,,,,,,,,,,,2025-04-21 09:57:54.815
tf,NFO,79518,,,,,106.45,-50.83,,1745209675,,,,141.56,26434650,,,106.20,106.45,1050,600,2025-04-21 09:57:55.221
tf,NFO,79518,,,,,106.20,-50.95,,1745209676,,,,,,,,,,,,2025-04-21 09:57:55.650
tf,NFO,79518,,,,,106.30,-50.90,,1745209677,,,,,,,,,,,,2025-04-21 09:57:56.658
tf,NFO,79518,,,,,106.60,-50.76,,1745209677,,,,141.55,26440200,,,106.25,106.50,900,1200,2025-04-21 09:57:56.826
tf,NFO,79518,,,,,107.35,-50.42,,1745209678,,,,,,,,,,,,2025-04-21 09:57:57.651
tf,NFO,79518,,,,,107.25,-50.46,,1745209678,,,,141.54,26450550,,,106.80,107.00,975,150,2025-04-21 09:57:58.668
tf,NFO,79518,,,,,107.00,-50.58,,1745209679,,,,,,,,,,,,2025-04-21 09:57:58.675
tf,NFO,79518,,,,,105.35,-51.34,,1745209680,,,,,,,,,,,,2025-04-21 09:57:59.654
tf,NFO,79518,,,,,105.75,-51.15,,1745209680,,,,141.53,26457975,,,105.65,105.80,225,225,2025-04-21 09:58:00.220
tf,NFO,79518,,,,,105.95,-51.06,,1745209681,,,,,,,,,,,,2025-04-21 09:58:00.655
tf,NFO,79518,,,,,105.80,-51.13,,1745209682,,,,,,,,,,,,2025-04-21 09:58:01.680
tf,NFO,79518,,,,,105.75,-51.15,,1745209682,,,,141.52,26464125,,,105.50,105.75,300,2250,2025-04-21 09:58:01.832
tf,NFO,79518,,,,,105.65,-51.20,,1745209683,,,,,,,,,,,,2025-04-21 09:58:02.672
tf,NFO,79518,,,,,105.00,-51.50,,1745209683,,,,141.51,26474475,,,104.95,105.00,150,225,2025-04-21 09:58:03.627
tf,NFO,79518,,,,,104.50,-51.73,,1745209685,,,,,,,,,,,,2025-04-21 09:58:04.731
tf,NFO,79518,,,,,104.90,-51.55,,1745209685,,,,141.50,26480475,,,104.65,104.90,1125,1575,2025-04-21 09:58:05.249
tf,NFO,79518,,,,,,,,1745209687,,,,141.49,26484975,,,104.75,,450,225,2025-04-21 09:58:06.838
tf,NFO,79518,,,,,104.50,-51.73,,1745209688,,,,,,,,,,,,2025-04-21 09:58:07.658
tf,NFO,79518,,,,,104.20,-51.87,,1745209688,,,,141.48,26493375,,,104.00,104.20,1575,150,2025-04-21 09:58:08.636
tf,NFO,79518,,,,,103.65,-52.12,,1745209690,,,,,,,,,,,,2025-04-21 09:58:09.662
tf,NFO,79518,,,,,103.75,-52.08,,1745209690,,,,141.47,26498775,,,103.55,103.75,225,675,2025-04-21 09:58:10.241
tf,NFO,79518,,,,,103.40,-52.24,,1745209691,,,,,,,,,,,,2025-04-21 09:58:10.659
tf,NFO,79518,,,,,103.00,-52.42,,1745209692,,,,,,,,,,,,2025-04-21 09:58:11.801
tf,NFO,79518,,,,,102.75,-52.54,,1745209692,,,,141.45,26511150,,,102.80,103.05,1650,750,2025-04-21 09:58:11.946
tf,NFO,79518,,,,,103.15,-52.36,,1745209694,,,,141.44,26520150,,,102.85,,150,600,2025-04-21 09:58:13.646
tf,NFO,79518,,,,,103.05,-52.40,,1745209695,,,,,,,,,,,,2025-04-21 09:58:14.688
tf,NFO,79518,,,,,102.75,-52.54,,1745209695,,,,141.43,26527575,,,102.40,102.70,675,2625,2025-04-21 09:58:15.268
tf,NFO,79518,,,,,102.40,-52.70,,1745209696,,,,,,,,,,,,2025-04-21 09:58:15.664
tf,NFO,79518,,,,,102.35,-52.73,,1745209697,,,,,,,,,,,,2025-04-21 09:58:16.667
tf,NFO,79518,,,,,102.60,-52.61,,1745209697,,,,141.42,26535600,,,102.35,102.60,825,1425,2025-04-21 09:58:16.846
tf,NFO,79518,,,,,102.30,-52.75,,1745209698,,,,,,,,,,,,2025-04-21 09:58:18.337
tf,NFO,79518,,,,,102.55,-52.63,,1745209699,,,,141.41,26541975,,,102.15,102.40,,750,2025-04-21 09:58:18.710
tf,NFO,79518,,,,,102.65,-52.59,,1745209700,,,,,,,,,,,,2025-04-21 09:58:19.669
tf,NFO,79518,,,,,102.90,-52.47,,1745209700,,,,141.40,26546775,,,102.45,102.70,750,1275,2025-04-21 09:58:20.250
tf,NFO,79518,,,,,103.00,-52.42,,1745209701,,,,,,,,,,,,2025-04-21 09:58:20.672
tf,NFO,79518,,,,,102.80,-52.52,,1745209702,,,,,,,,,,,,2025-04-21 09:58:21.670
tf,NFO,79518,,,,,102.65,-52.59,,1745209702,,,,141.39,26554875,,,102.60,102.85,1050,975,2025-04-21 09:58:21.859
tf,NFO,79518,,,,,103.30,-52.29,,1745209703,,,,,,,,,,,,2025-04-21 09:58:22.672
tf,NFO,79518,,,,,102.85,-52.49,,1745209704,,,,,26557875,,,102.80,102.95,300,150,2025-04-21 09:58:23.657
tf,NFO,79518,,,,,102.65,-52.59,,1745209705,,,,,,,,,,,,2025-04-21 09:58:24.725
