t,e,tk,ts,pp,ls,ti,lp,pc,c,ft,o,h,l,ap,v,oi,poi,bp1,sp1,bq1,sq1,received_timestamp
tk,NFO,79514,NIFTY24APR25P23800,2,75,0.05,84.40,-50.76,171.40,1745209403,130.00,147.20,78.15,105.79,19982175,4873875,3004125,84.65,84.85,525,450,2025-04-21 09:53:24.017
tf,NFO,79514,,,,,85.00,-50.41,,1745209404,,,,,,,,,,,,2025-04-21 09:53:24.270
tf,NFO,79514,,,,,85.35,-50.20,,1745209404,,,,,19985850,,,85.20,85.35,75,375,2025-04-21 09:53:24.500
tf,NFO,79514,,,,,85.30,-50.23,,1745209405,,,,,,,,,,,,2025-04-21 09:53:25.276
tf,NFO,79514,,,,,86.20,-49.71,,1745209406,,,,105.78,19990050,,,85.85,86.10,450,1800,2025-04-21 09:53:26.112
tf,NFO,79514,,,,,86.05,-49.80,,1745209406,,,,,,,,,,,,2025-04-21 09:53:26.272
tf,NFO,79514,,,,,85.65,-50.03,,1745209407,,,,,,,,,,,,2025-04-21 09:53:27.270
tf,NFO,79514,,,,,86.55,-49.50,,1745209408,,,,,19995450,,,86.40,86.60,1650,150,2025-04-21 09:53:27.907
tf,NFO,79514,,,,,86.60,-49.47,,1745209408,,,,,,,,,,,,2025-04-21 09:53:28.271
tf,NFO,79514,,,,,86.55,-49.50,,1745209409,,,,,,,,,,,,2025-04-21 09:53:29.362
tf,NFO,79514,,,,,86.80,-49.36,,1745209409,,,,105.77,20005125,,,86.65,86.85,525,675,2025-04-21 09:53:29.582
tf,NFO,79514,,,,,86.45,-49.56,,1745209410,,,,,,,,,,,,2025-04-21 09:53:30.278
tf,NFO,79514,,,,,86.50,-49.53,,1745209411,,,,105.76,20013825,,,86.35,86.50,,450,2025-04-21 09:53:31.119
tf,NFO,79514,,,,,86.25,-49.68,,1745209412,,,,,,,,,,,,2025-04-21 09:53:32.300
tf,NFO,79514,,,,,86.85,-49.33,,1745209413,,,,105.75,20017875,,,86.85,87.00,675,2250,2025-04-21 09:53:32.916
tf,NFO,79514,,,,,87.00,-49.24,,1745209413,,,,,,,,,,,,2025-04-21 09:53:33.374
tf,NFO,79514,,,,,86.80,-49.36,,1745209414,,,,,,,,,,,,2025-04-21 09:53:34.279
tf,NFO,79514,,,,,86.70,-49.42,,1745209414,,,,,20023350,,,86.50,86.70,2325,375,2025-04-21 09:53:34.514
tf,NFO,79514,,,,,87.05,-49.21,,1745209415,,,,,,,,,,,,2025-04-21 09:53:35.278
tf,NFO,79514,,,,,86.80,-49.36,,1745209416,,,,105.74,20031225,,,86.60,86.85,1800,825,2025-04-21 09:53:36.118
tf,NFO,79514,,,,,86.50,-49.53,,1745209416,,,,,,,,,,,,2025-04-21 09:53:36.278
tf,NFO,79514,,,,,86.70,-49.42,,1745209417,,,,,,,,,,,,2025-04-21 09:53:37.276
tf,NFO,79514,,,,,86.45,-49.56,,1745209418,,,,105.73,20039700,,,86.50,86.70,150,1425,2025-04-21 09:53:37.726
tf,NFO,79514,,,,,86.10,-49.77,,1745209418,,,,,,,,,,,,2025-04-21 09:53:38.279
tf,NFO,79514,,,,,86.25,-49.68,,1745209419,,,,,,,,,,,,2025-04-21 09:53:39.370
tf,NFO,79514,,,,,85.85,-49.91,,1745209419,,,,105.72,20055900,,,86.05,86.20,450,2250,2025-04-21 09:53:39.543
tf,NFO,79514,,,,,85.45,-50.15,,1745209420,,,,,,,,,,,,2025-04-21 09:53:40.355
tf,NFO,79514,,,,,84.70,-50.58,,1745209421,,,,105.70,20075175,,,84.50,84.75,2775,1725,2025-04-21 09:53:41.125
tf,NFO,79514,,,,,84.45,-50.73,,1745209421,,,,,,,,,,,,2025-04-21 09:53:41.287
tf,NFO,79514,,,,,85.15,-50.32,,1745209422,,,,,,,,,,,,2025-04-21 09:53:42.281
tf,NFO,79514,,,,,,,,1745209423,,,,105.69,20081850,,,84.95,85.15,1050,1950,2025-04-21 09:53:42.728
tf,NFO,79514,,,,,85.55,-50.09,,1745209423,,,,,,,,,,,,2025-04-21 09:53:43.278
tf,NFO,79514,,,,,85.80,-49.94,,1745209424,,,,,,,,,,,,2025-04-21 09:53:44.286
tf,NFO,79514,,,,,85.50,-50.12,,1745209424,,,,,20088225,,,85.45,85.70,,1725,2025-04-21 09:53:44.534
tf,NFO,79514,,,,,85.70,-50.00,,1745209425,,,,,,,,,,,,2025-04-21 09:53:45.288
tf,NFO,79514,,,,,86.20,-49.71,,1745209426,,,,105.68,20091300,,,86.10,86.25,225,525,2025-04-21 09:53:46.181
tf,NFO,79514,,,,,86.15,-49.74,,1745209426,,,,,,,,,,,,2025-04-21 09:53:46.332
tf,NFO,79514,,,,,86.10,-49.77,,1745209427,,,,,,,,,,,,2025-04-21 09:53:47.285
tf,NFO,79514,,,,,85.90,-49.88,,1745209428,,,,,20094750,,,85.80,85.90,150,75,2025-04-21 09:53:47.738
tf,NFO,79514,,,,,85.70,-50.00,,1745209428,,,,,,,,,,,,2025-04-21 09:53:48.289
tf,NFO,79514,,,,,85.75,-49.97,,1745209429,,,,105.67,20102325,,,85.60,85.70,450,825,2025-04-21 09:53:49.537
tf,NFO,79514,,,,,86.00,-49.82,,1745209430,,,,,,,,,,,,2025-04-21 09:53:50.290
tf,NFO,79514,,,,,85.35,-50.20,,1745209431,,,,,20107650,,,85.15,85.30,525,600,2025-04-21 09:53:51.143
tf,NFO,79514,,,,,85.55,-50.09,,1745209431,,,,,,,,,,,,2025-04-21 09:53:51.319
tf,NFO,79514,,,,,85.60,-50.06,,1745209432,,,,,,,,,,,,2025-04-21 09:53:52.412
tf,NFO,79514,,,,,85.90,-49.88,,1745209433,,,,105.66,20113275,,,85.65,85.85,375,1125,2025-04-21 09:53:52.742
tf,NFO,79514,,,,,85.40,-50.18,,1745209433,,,,,,,,,,,,2025-04-21 09:53:53.290
tf,NFO,79514,,,,,85.60,-50.06,,1745209434,,,,,,,,,,,,2025-04-21 09:53:54.330
tf,NFO,79514,,,,,85.45,-50.15,,1745209434,,,,105.65,20122200,,,85.40,85.60,1425,300,2025-04-21 09:53:54.612
tf,NFO,79514,,,,,85.75,-49.97,,1745209435,,,,,,,,,,,,2025-04-21 09:53:55.352
tf,NFO,79514,,,,,84.75,-50.55,,1745209436,,,,105.64,20131275,,,84.70,84.85,525,,2025-04-21 09:53:56.163
tf,NFO,79514,,,,,85.05,-50.38,,1745209436,,,,,,,,,,,,2025-04-21 09:53:56.519
tf,NFO,79514,,,,,85.75,-49.97,,1745209438,,,,,20137125,,,85.70,85.80,300,75,2025-04-21 09:53:57.755
tf,NFO,79514,,,,,85.40,-50.18,,1745209438,,,,,,,,,,,,2025-04-21 09:53:58.289
tf,NFO,79514,,,,,84.75,-50.55,,1745209439,,,,,,,,,,,,2025-04-21 09:53:59.308
tf,NFO,79514,,,,,85.00,-50.41,,1745209439,,,,105.63,20146650,,,84.75,84.95,450,525,2025-04-21 09:53:59.626
tf,NFO,79514,,,,,84.85,-50.50,,1745209440,,,,,,,,,,,,2025-04-21 09:54:00.391
tf,NFO,79514,,,,,84.70,-50.58,,1745209441,,,,105.62,20153475,,,85.05,85.25,150,1275,2025-04-21 09:54:01.217
tf,NFO,79514,,,,,85.20,-50.29,,1745209441,,,,,,,,,,,,2025-04-21 09:54:01.447
tf,NFO,79514,,,,,84.80,-50.53,,1745209442,,,,,,,,,,,,2025-04-21 09:54:02.305
tf,NFO,79514,,,,,84.50,-50.70,,1745209443,,,,,20156400,,,84.40,84.55,1275,75,2025-04-21 09:54:02.761
tf,NFO,79514,,,,,84.45,-50.73,,1745209443,,,,,,,,,,,,2025-04-21 09:54:03.294
tf,NFO,79514,,,,,85.05,-50.38,,1745209444,,,,,,,,,,,,2025-04-21 09:54:04.299
tf,NFO,79514,,,,,84.50,-50.70,,1745209444,,,,105.61,20162550,,,84.35,,975,450,2025-04-21 09:54:04.562
tf,NFO,79514,,,,,84.90,-50.47,,1745209445,,,,,,,,,,,,2025-04-21 09:54:05.296
tf,NFO,79514,,,,,85.70,-50.00,,1745209446,,,,105.60,20169750,,,85.60,85.75,1875,300,2025-04-21 09:54:06.162
tf,NFO,79514,,,,,85.75,-49.97,,1745209446,,,,,,,,,,,,2025-04-21 09:54:06.376
tf,NFO,79514,,,,,85.40,-50.18,,1745209447,,,,,,,,,,,,2025-04-21 09:54:07.294
tf,NFO,79514,,,,,84.70,-50.58,,1745209448,,,,105.59,20179425,,,84.50,84.70,525,975,2025-04-21 09:54:07.772
tf,NFO,79514,,,,,84.50,-50.70,,1745209448,,,,,,,,,,,,2025-04-21 09:54:08.298
tf,NFO,79514,,,,,85.15,-50.32,,1745209449,,,,,,,,,,,,2025-04-21 09:54:09.303
tf,NFO,79514,,,,,,,,1745209449,,,,105.58,20190525,,,84.90,85.10,,1500,2025-04-21 09:54:09.366
tf,NFO,79514,,,,,85.25,-50.26,,1745209450,,,,,,,,,,,,2025-04-21 09:54:10.300
tf,NFO,79514,,,,,,,,1745209451,,,,105.57,20197500,,,85.10,85.35,1950,1050,2025-04-21 09:54:11.168
tf,NFO,79514,,,,,85.10,-50.35,,1745209451,,,,,,,,,,,,2025-04-21 09:54:11.297
tf,NFO,79514,,,,,85.00,-50.41,,1745209452,,,,,,,,,,,,2025-04-21 09:54:12.307
tf,NFO,79514,,,,,85.55,-50.09,,1745209453,,,,,20200725,,,85.35,85.55,375,750,2025-04-21 09:54:12.927
tf,NFO,79514,,,,,85.90,-49.88,,1745209453,,,,,,,,,,,,2025-04-21 09:54:13.300
tf,NFO,79514,,,,,85.45,-50.15,,1745209454,,,,,,,,,,,,2025-04-21 09:54:14.337
tf,NFO,79514,,,,,,,,1745209454,,,,,20202600,,,85.45,85.65,975,600,2025-04-21 09:54:14.456
tf,NFO,79514,,,,,84.80,-50.53,,1745209455,,,,,,,,,,,,2025-04-21 09:54:15.300
tf,NFO,79514,,,,,84.20,-50.88,,1745209456,,,,105.56,20211675,,,84.00,84.15,12225,75,2025-04-21 09:54:16.207
tf,NFO,79514,,,,,84.70,-50.58,,1745209458,,,,105.54,20227500,,,84.50,84.70,150,2550,2025-04-21 09:54:17.777
tf,NFO,79514,,,,,84.45,-50.73,,1745209458,,,,,,,,,,,,2025-04-21 09:54:18.324
tf,NFO,79514,,,,,83.50,-51.28,,1745209459,,,,,,,,,,,,2025-04-21 09:54:20.056
tf,NFO,79514,,,,,83.45,-51.31,,1745209459,,,,,20232375,,,83.30,83.50,300,1725,2025-04-21 09:54:20.063
tf,NFO,79514,,,,,82.80,-51.69,,1745209460,,,,,,,,,,,,2025-04-21 09:54:20.321
tf,NFO,79514,,,,,83.10,-51.52,,1745209461,,,,105.52,20244600,,,83.10,83.30,1050,1050,2025-04-21 09:54:21.131
tf,NFO,79514,,,,,82.75,-51.72,,1745209461,,,,,,,,,,,,2025-04-21 09:54:21.385
tf,NFO,79514,,,,,82.35,-51.95,,1745209462,,,,,,,,,,,,2025-04-21 09:54:22.478
tf,NFO,79514,,,,,83.20,-51.46,,1745209462,,,,105.50,20267925,,,82.90,83.10,525,1125,2025-04-21 09:54:22.672
tf,NFO,79514,,,,,82.15,-52.07,,1745209463,,,,,,,,,,,,2025-04-21 09:54:23.301
tf,NFO,79514,,,,,82.30,-51.98,,1745209464,,,,,,,,,,,,2025-04-21 09:54:24.307
tf,NFO,79514,,,,,,,,1745209464,,,,105.48,20283675,,,82.10,82.35,2550,825,2025-04-21 09:54:24.436
tf,NFO,79514,,,,,82.35,-51.95,,1745209465,,,,,,,,,,,,2025-04-21 09:54:25.430
tf,NFO,79514,,,,,82.70,-51.75,,1745209466,,,,105.47,20293350,,,82.50,82.75,2100,900,2025-04-21 09:54:26.038
tf,NFO,79514,,,,,82.50,-51.87,,1745209466,,,,,,,,,,,,2025-04-21 09:54:26.406
tf,NFO,79514,,,,,82.30,-51.98,,1745209467,,,,,,,,,,,,2025-04-21 09:54:27.340
tf,NFO,79514,,,,,82.75,-51.72,,1745209467,,,,105.46,20300550,,,82.60,82.80,1425,525,2025-04-21 09:54:27.597
tf,NFO,79514,,,,,82.80,-51.69,,1745209468,,,,,,,,,,,,2025-04-21 09:54:28.363
tf,NFO,79514,,,,,82.30,-51.98,,1745209469,,,,,,,,,,,,2025-04-21 09:54:29.311
tf,NFO,79514,,,,,82.15,-52.07,,1745209469,,,,105.45,20309625,,,82.00,82.15,525,225,2025-04-21 09:54:29.399
tf,NFO,79514,,,,,83.00,-51.58,,1745209470,,,,,,,,,,,,2025-04-21 09:54:30.476
tf,NFO,79514,,,,,82.50,-51.87,,1745209471,,,,105.44,20314425,,,82.30,82.55,1200,825,2025-04-21 09:54:31.016
tf,NFO,79514,,,,,82.30,-51.98,,1745209471,,,,,,,,,,,,2025-04-21 09:54:31.310
tf,NFO,79514,,,,,82.65,-51.78,,1745209472,,,,,,,,,,,,2025-04-21 09:54:32.397
tf,NFO,79514,,,,,82.70,-51.75,,1745209472,,,,,20319450,,,82.60,82.80,1875,675,2025-04-21 09:54:32.780
tf,NFO,79514,,,,,83.10,-51.52,,1745209473,,,,,,,,,,,,2025-04-21 09:54:33.435
tf,NFO,79514,,,,,82.30,-51.98,,1745209474,,,,105.43,20328975,,,82.30,82.55,1050,1200,2025-04-21 09:54:34.232
tf,NFO,79514,,,,,82.40,-51.93,,1745209474,,,,,,,,,,,,2025-04-21 09:54:34.390
tf,NFO,79514,,,,,82.65,-51.78,,1745209475,,,,,,,,,,,,2025-04-21 09:54:35.427
tf,NFO,79514,,,,,82.75,-51.72,,1745209476,,,,105.41,20342250,,,82.70,82.85,1800,75,2025-04-21 09:54:35.820
tf,NFO,79514,,,,,82.45,-51.90,,1745209476,,,,,,,,,,,,2025-04-21 09:54:36.317
tf,NFO,79514,,,,,82.05,-52.13,,1745209477,,,,,,,,,,,,2025-04-21 09:54:37.315
tf,NFO,79514,,,,,82.15,-52.07,,1745209477,,,,105.40,20352225,,,82.10,82.30,1200,1500,2025-04-21 09:54:37.653
tf,NFO,79514,,,,,82.50,-51.87,,1745209478,,,,,,4911750,,,,,,2025-04-21 09:54:38.348
tf,NFO,79514,,,,,82.20,-52.04,,1745209479,,,,,20358150,,,82.05,82.25,300,600,2025-04-21 09:54:39.343
tf,NFO,79514,,,,,82.00,-52.16,,1745209479,,,,,,,,,,,,2025-04-21 09:54:39.366
tf,NFO,79514,,,,,81.55,-52.42,,1745209480,,,,,,,,,,,,2025-04-21 09:54:40.324
tf,NFO,79514,,,,,81.40,-52.51,,1745209481,,,,105.38,20373450,,,81.25,81.40,600,75,2025-04-21 09:54:40.818
tf,NFO,79514,,,,,81.35,-52.54,,1745209481,,,,,,,,,,,,2025-04-21 09:54:41.321
tf,NFO,79514,,,,,81.30,-52.57,,1745209482,,,,,,,,,,,,2025-04-21 09:54:42.320
tf,NFO,79514,,,,,81.20,-52.63,,1745209482,,,,105.35,20394375,,,80.95,81.20,2475,1425,2025-04-21 09:54:42.620
tf,NFO,79514,,,,,81.65,-52.36,,1745209483,,,,,,,,,,,,2025-04-21 09:54:43.334
tf,NFO,79514,,,,,81.35,-52.54,,1745209484,,,,105.34,20405250,,,81.35,81.50,75,1350,2025-04-21 09:54:44.224
tf,NFO,79514,,,,,81.50,-52.45,,1745209484,,,,,,,,,,,,2025-04-21 09:54:44.321
tf,NFO,79514,,,,,81.20,-52.63,,1745209485,,,,,,,,,,,,2025-04-21 09:54:45.453
tf,NFO,79514,,,,,81.30,-52.57,,1745209486,,,,105.33,20414100,,,81.10,81.30,900,600,2025-04-21 09:54:45.888
tf,NFO,79514,,,,,81.25,-52.60,,1745209486,,,,,,,,,,,,2025-04-21 09:54:46.319
tf,NFO,79514,,,,,81.05,-52.71,,1745209487,,,,,,,,,,,,2025-04-21 09:54:47.362
tf,NFO,79514,,,,,81.40,-52.51,,1745209487,,,,105.32,20425500,,,81.25,81.45,1125,450,2025-04-21 09:54:47.661
tf,NFO,79514,,,,,80.80,-52.86,,1745209488,,,,,,,,,,,,2025-04-21 09:54:48.391
tf,NFO,79514,,,,,80.95,-52.77,,1745209489,,,,105.30,20441325,,,80.95,81.15,525,525,2025-04-21 09:54:49.245
tf,NFO,79514,,,,,81.20,-52.63,,1745209489,,,,,,,,,,,,2025-04-21 09:54:49.323
tf,NFO,79514,,,,,81.60,-52.39,,1745209490,,,,,,,,,,,,2025-04-21 09:54:50.322
tf,NFO,79514,,,,,81.10,-52.68,,1745209491,,,,105.29,20449800,,,81.05,81.25,825,600,2025-04-21 09:54:50.870
tf,NFO,79514,,,,,81.25,-52.60,,1745209491,,,,,,,,,,,,2025-04-21 09:54:51.324
tf,NFO,79514,,,,,81.20,-52.63,,1745209492,,,,,,,,,,,,2025-04-21 09:54:52.380
tf,NFO,79514,,,,,81.05,-52.71,,1745209493,,,,105.27,20461350,,,80.90,81.05,225,375,2025-04-21 09:54:52.647
tf,NFO,79514,,,,,80.55,-53.00,,1745209493,,,,,,,,,,,,2025-04-21 09:54:53.441
tf,NFO,79514,,,,,80.25,-53.18,,1745209494,,,,105.25,20484600,,,80.25,80.45,375,1500,2025-04-21 09:54:54.251
tf,NFO,79514,,,,,80.45,-53.06,,1745209494,,,,,,,,,,,,2025-04-21 09:54:54.325
tf,NFO,79514,,,,,80.60,-52.98,,1745209496,,,,105.22,20503725,,,80.45,80.60,1350,150,2025-04-21 09:54:55.847
tf,NFO,79514,,,,,80.40,-53.09,,1745209496,,,,,,,,,,,,2025-04-21 09:54:56.329
tf,NFO,79514,,,,,81.20,-52.63,,1745209497,,,,,,,,,,,,2025-04-21 09:54:57.375
tf,NFO,79514,,,,,81.05,-52.71,,1745209498,,,,105.21,20518125,,,81.10,81.30,375,1125,2025-04-21 09:54:57.693
tf,NFO,79514,,,,,80.80,-52.86,,1745209498,,,,,,,,,,,,2025-04-21 09:54:58.582
tf,NFO,79514,,,,,80.40,-53.09,,1745209499,,,,105.19,20533200,,,80.20,80.40,1050,2100,2025-04-21 09:54:59.438
tf,NFO,79514,,,,,80.35,-53.12,,1745209499,,,,,,,,,,,,2025-04-21 09:54:59.443
tf,NFO,79514,,,,,79.90,-53.38,,1745209500,,,,,,,,,,,,2025-04-21 09:55:00.327
tf,NFO,79514,,,,,80.20,-53.21,,1745209501,,,,105.12,20584275,,,,80.35,450,525,2025-04-21 09:55:00.868
tf,NFO,79514,,,,,80.75,-52.89,,1745209501,,,,,,,,,,,,2025-04-21 09:55:01.329
tf,NFO,79514,,,,,81.10,-52.68,,1745209502,,,,,,,,,,,,2025-04-21 09:55:02.329
tf,NFO,79514,,,,,81.35,-52.54,,1745209503,,,,105.10,20605800,,,81.20,81.40,150,1575,2025-04-21 09:55:02.646
tf,NFO,79514,,,,,81.15,-52.65,,1745209503,,,,,,,,,,,,2025-04-21 09:55:03.346
tf,NFO,79514,,,,,81.05,-52.71,,1745209504,,,,105.07,20633775,,,80.85,81.05,300,600,2025-04-21 09:55:04.268
tf,NFO,79514,,,,,80.85,-52.83,,1745209504,,,,,,,,,,,,2025-04-21 09:55:04.331
tf,NFO,79514,,,,,80.20,-53.21,,1745209505,,,,,,,,,,,,2025-04-21 09:55:05.336
tf,NFO,79514,,,,,79.80,-53.44,,1745209506,,,,105.05,20646225,,,79.90,80.10,2625,450,2025-04-21 09:55:05.946
tf,NFO,79514,,,,,80.30,-53.15,,1745209506,,,,,,,,,,,,2025-04-21 09:55:06.342
tf,NFO,79514,,,,,79.65,-53.53,,1745209507,,,,,,,,,,,,2025-04-21 09:55:07.402
tf,NFO,79514,,,,,79.35,-53.70,,1745209508,,,,105.03,20659425,,,79.50,79.60,75,150,2025-04-21 09:55:07.775
tf,NFO,79514,,,,,79.05,-53.88,,1745209508,,,,,,,,,,,,2025-04-21 09:55:08.496
tf,NFO,79514,,,,,79.15,-53.82,,1745209509,,,,105.02,20673600,,,79.00,79.20,1350,1275,2025-04-21 09:55:09.258
tf,NFO,79514,,,,,79.20,-53.79,,1745209509,,,,,,,,,,,,2025-04-21 09:55:09.333
tf,NFO,79514,,,,,78.70,-54.08,,1745209510,,,,,,,,,,,,2025-04-21 09:55:10.337
tf,NFO,79514,,,,,78.75,-54.05,,1745209511,,,,105.00,20685675,,,78.75,78.90,1125,1875,2025-04-21 09:55:10.873
tf,NFO,79514,,,,,77.85,-54.58,,1745209511,,,,,,,,,,,,2025-04-21 09:55:11.344
tf,NFO,79514,,,,,78.10,-54.43,,1745209512,,,,,,,,,,,,2025-04-21 09:55:12.528
tf,NFO,79514,,,,,78.00,-54.49,,1745209513,,,77.65,104.95,20723925,,,77.80,78.00,675,1275,2025-04-21 09:55:12.729
tf,NFO,79514,,,,,77.75,-54.64,,1745209513,,,,,,,,,,,,2025-04-21 09:55:13.357
tf,NFO,79514,,,,,,,,1745209514,,,77.55,104.93,20741175,,,77.75,77.95,1125,900,2025-04-21 09:55:14.287
tf,NFO,79514,,,,,78.00,-54.49,,1745209514,,,,,,,,,,,,2025-04-21 09:55:14.351
tf,NFO,79514,,,,,76.85,-55.16,,1745209515,,,,,,,,,,,,2025-04-21 09:55:15.336
tf,NFO,79514,,,,,76.55,-55.34,,1745209516,,,76.20,104.88,20776725,,,76.35,76.50,375,75,2025-04-21 09:55:15.891
tf,NFO,79514,,,,,76.90,-55.13,,1745209516,,,,,,,,,,,,2025-04-21 09:55:16.336
tf,NFO,79514,,,,,73.05,-57.38,,1745209517,,,,,,,,,,,,2025-04-21 09:55:17.335
tf,NFO,79514,,,,,73.45,-57.15,,1745209518,,,72.60,104.71,20894925,,,73.10,73.30,225,525,2025-04-21 09:55:17.676
tf,NFO,79514,,,,,73.10,-57.35,,1745209518,,,,,,,,,,,,2025-04-21 09:55:18.433
tf,NFO,79514,,,,,72.60,-57.64,,1745209519,,,72.25,104.65,20932875,,,72.35,72.55,75,975,2025-04-21 09:55:19.279
tf,NFO,79514,,,,,72.50,-57.70,,1745209519,,,,,,,,,,,,2025-04-21 09:55:19.657
tf,NFO,79514,,,,,72.85,-57.50,,1745209520,,,,,,,,,,,,2025-04-21 09:55:20.340
tf,NFO,79514,,,,,72.75,-57.56,,1745209521,,,72.20,104.59,20971125,,,72.50,72.70,825,225,2025-04-21 09:55:20.878
tf,NFO,79514,,,,,72.70,-57.58,,1745209521,,,,,,,,,,,,2025-04-21 09:55:21.340
tf,NFO,79514,,,,,72.30,-57.82,,1745209522,,,,,,,,,,,,2025-04-21 09:55:22.343
tf,NFO,79514,,,,,72.75,-57.56,,1745209523,,,,104.52,21020925,,,72.70,72.85,375,150,2025-04-21 09:55:22.679
tf,NFO,79514,,,,,73.15,-57.32,,1745209523,,,,,,,,,,,,2025-04-21 09:55:23.543
tf,NFO,79514,,,,,73.60,-57.06,,1745209524,,,,104.48,21047025,,,73.40,73.60,750,,2025-04-21 09:55:24.285
tf,NFO,79514,,,,,73.35,-57.21,,1745209524,,,,,,,,,,,,2025-04-21 09:55:24.345
tf,NFO,79514,,,,,74.65,-56.45,,1745209525,,,,,,,,,,,,2025-04-21 09:55:25.345
tf,NFO,79514,,,,,74.60,-56.48,,1745209526,,,,104.46,21061875,,,74.40,74.60,1500,825,2025-04-21 09:55:26.043
tf,NFO,79514,,,,,74.65,-56.45,,1745209526,,,,,,,,,,,,2025-04-21 09:55:26.456
tf,NFO,79514,,,,,73.60,-57.06,,1745209527,,,,,,,,,,,,2025-04-21 09:55:27.369
tf,NFO,79514,,,,,73.75,-56.97,,1745209528,,,,104.41,21093900,,,73.40,73.60,825,750,2025-04-21 09:55:27.701
tf,NFO,79514,,,,,73.00,-57.41,,1745209528,,,,,,,,,,,,2025-04-21 09:55:28.349
tf,NFO,79514,,,,,73.35,-57.21,,1745209529,,,,104.37,21119850,,,73.35,73.40,975,300,2025-04-21 09:55:29.293
tf,NFO,79514,,,,,73.55,-57.09,,1745209529,,,,,,,,,,,,2025-04-21 09:55:29.347
tf,NFO,79514,,,,,73.70,-57.00,,1745209530,,,,,,,,,,,,2025-04-21 09:55:30.386
tf,NFO,79514,,,,,74.55,-56.51,,1745209531,,,,104.34,21146025,,,74.45,74.60,150,450,2025-04-21 09:55:30.902
tf,NFO,79514,,,,,74.60,-56.48,,1745209531,,,,,,,,,,,,2025-04-21 09:55:31.352
tf,NFO,79514,,,,,74.30,-56.65,,1745209532,,,,,,,,,,,,2025-04-21 09:55:32.628
tf,NFO,79514,,,,,,,,1745209533,,,,104.31,21163500,,,74.30,74.50,375,1200,2025-04-21 09:55:32.865
tf,NFO,79514,,,,,73.80,-56.94,,1745209533,,,,,,,,,,,,2025-04-21 09:55:33.352
tf,NFO,79514,,,,,74.55,-56.51,,1745209534,,,,104.29,21181125,,,74.35,74.60,750,1425,2025-04-21 09:55:34.303
tf,NFO,79514,,,,,74.80,-56.36,,1745209535,,,,,,,,,,,,2025-04-21 09:55:35.357
tf,NFO,79514,,,,,74.85,-56.33,,1745209536,,,,104.26,21199725,,,74.85,75.00,1275,6075,2025-04-21 09:55:35.907
tf,NFO,79514,,,,,74.65,-56.45,,1745209536,,,,,,,,,,,,2025-04-21 09:55:36.352
tf,NFO,79514,,,,,74.00,-56.83,,1745209537,,,,104.23,21220650,,,73.80,74.00,1050,2850,2025-04-21 09:55:37.518
tf,NFO,79514,,,,,74.40,-56.59,,1745209539,,,,104.21,21233175,,,74.30,74.50,825,525,2025-04-21 09:55:39.533
tf,NFO,79514,,,,,74.50,-56.53,,1745209539,,,,,,,,,,,,2025-04-21 09:55:39.538
tf,NFO,79514,,,,,74.35,-56.62,,1745209540,,,,,,,,,,,,2025-04-21 09:55:40.352
tf,NFO,79514,,,,,73.90,-56.88,,1745209541,,,,104.20,21242475,,,73.95,74.20,750,2100,2025-04-21 09:55:40.999
tf,NFO,79514,,,,,74.10,-56.77,,1745209541,,,,,,,,,,,,2025-04-21 09:55:41.365
tf,NFO,79514,,,,,73.95,-56.86,,1745209542,,,,,,,,,,,,2025-04-21 09:55:42.355
tf,NFO,79514,,,,,73.70,-57.00,,1745209542,,,,104.19,21248550,,,73.85,74.05,75,1500,2025-04-21 09:55:42.521
tf,NFO,79514,,,,,74.25,-56.68,,1745209543,,,,,,,,,,,,2025-04-21 09:55:43.365
tf,NFO,79514,,,,,74.00,-56.83,,1745209544,,,,104.18,21258900,,,73.60,73.70,,75,2025-04-21 09:55:44.315
tf,NFO,79514,,,,,74.60,-56.48,,1745209545,,,,,,,,,,,,2025-04-21 09:55:45.419
tf,NFO,79514,,,,,75.00,-56.24,,1745209546,,,,104.16,21273525,,,74.90,75.10,1350,525,2025-04-21 09:55:45.918
tf,NFO,79514,,,,,74.85,-56.33,,1745209546,,,,,,,,,,,,2025-04-21 09:55:46.357
tf,NFO,79514,,,,,75.10,-56.18,,1745209547,,,,,,,,,,,,2025-04-21 09:55:47.360
tf,NFO,79514,,,,,74.80,-56.36,,1745209547,,,,104.15,21281175,,,74.60,74.80,1575,750,2025-04-21 09:55:47.529
tf,NFO,79514,,,,,74.40,-56.59,,1745209548,,,,,,,,,,,,2025-04-21 09:55:48.364
tf,NFO,79514,,,,,,,,1745209549,,,,104.12,21297300,,,74.25,74.40,1050,1575,2025-04-21 09:55:49.327
tf,NFO,79514,,,,,74.25,-56.68,,1745209550,,,,,,,,,,,,2025-04-21 09:55:50.360
tf,NFO,79514,,,,,,,,1745209551,,,,,21301650,,,74.05,74.25,975,300,2025-04-21 09:55:50.930
tf,NFO,79514,,,,,74.30,-56.65,,1745209551,,,,,,,,,,,,2025-04-21 09:55:51.374
tf,NFO,79514,,,,,74.10,-56.77,,1745209552,,,,,,,,,,,,2025-04-21 09:55:52.431
tf,NFO,79514,,,,,75.00,-56.24,,1745209552,,,,104.09,21322725,,,75.00,75.15,75,975,2025-04-21 09:55:52.632
tf,NFO,79514,,,,,75.70,-55.83,,1745209553,,,,,,,,,,,,2025-04-21 09:55:53.366
tf,NFO,79514,,,,,75.00,-56.24,,1745209554,,,,104.08,21331200,,,75.15,75.30,1500,300,2025-04-21 09:55:54.332
tf,NFO,79514,,,,,75.45,-55.98,,1745209554,,,,,,,,,,,,2025-04-21 09:55:54.370
tf,NFO,79514,,,,,74.90,-56.30,,1745209555,,,,,,,,,,,,2025-04-21 09:55:55.374
tf,NFO,79514,,,,,75.35,-56.04,,1745209556,,,,104.06,21340200,,,75.35,75.55,525,,2025-04-21 09:55:55.937
tf,NFO,79514,,,,,75.65,-55.86,,1745209556,,,,,,,,,,,,2025-04-21 09:55:56.370
tf,NFO,79514,,,,,75.55,-55.92,,1745209557,,,,,,,,,,,,2025-04-21 09:55:57.371
tf,NFO,79514,,,,,75.35,-56.04,,1745209557,,,,,21346200,,,75.05,75.30,900,1275,2025-04-21 09:55:57.538
tf,NFO,79514,,,,,76.05,-55.63,,1745209558,,,,,,,,,,,,2025-04-21 09:55:58.612
tf,NFO,79514,,,,,76.60,-55.31,,1745209559,,,,104.02,21377100,,,76.70,76.90,1350,75,2025-04-21 09:55:59.388
tf,NFO,79514,,,,,76.85,-55.16,,1745209559,,,,,,,,,,,,2025-04-21 09:55:59.430
tf,NFO,79514,,,,,77.30,-54.90,,1745209560,,,,,,,,,,,,2025-04-21 09:56:00.367
tf,NFO,79514,,,,,77.10,-55.02,,1745209561,,,,104.00,21392025,,,76.85,77.05,450,300,2025-04-21 09:56:00.942
tf,NFO,79514,,,,,76.90,-55.13,,1745209561,,,,,,,,,,,,2025-04-21 09:56:01.368
tf,NFO,79514,,,,,77.40,-54.84,,1745209562,,,,103.99,21398625,,,77.40,77.65,1725,525,2025-04-21 09:56:02.546
tf,NFO,79514,,,,,77.60,-54.73,,1745209562,,,,,,,,,,,,2025-04-21 09:56:02.565
tf,NFO,79514,,,,,77.45,-54.81,,1745209563,,,,,,,,,,,,2025-04-21 09:56:03.366
tf,NFO,79514,,,,,77.95,-54.52,,1745209564,,,,103.98,21409650,,,77.75,77.95,300,1500,2025-04-21 09:56:04.346
tf,NFO,79514,,,,,77.70,-54.67,,1745209565,,,,,,,,,,,,2025-04-21 09:56:05.367
tf,NFO,79514,,,,,77.45,-54.81,,1745209566,,,,103.97,21414675,,,77.65,77.75,75,750,2025-04-21 09:56:05.972
tf,NFO,79514,,,,,77.10,-55.02,,1745209567,,,,,,,,,,,,2025-04-21 09:56:07.372
tf,NFO,79514,,,,,77.30,-54.90,,1745209567,,,,103.95,21429525,,,77.10,77.30,2025,300,2025-04-21 09:56:07.554
tf,NFO,79514,,,,,76.60,-55.31,,1745209568,,,,,,,,,,,,2025-04-21 09:56:08.369
tf,NFO,79514,,,,,77.60,-54.73,,1745209569,,,,103.91,21460050,,,77.65,77.75,450,150,2025-04-21 09:56:09.355
tf,NFO,79514,,,,,77.65,-54.70,,1745209569,,,,,,,,,,,,2025-04-21 09:56:09.367
tf,NFO,79514,,,,,78.05,-54.46,,1745209570,,,,,,,,,,,,2025-04-21 09:56:10.374
tf,NFO,79514,,,,,77.85,-54.58,,1745209571,,,,103.90,21467925,,,77.70,77.90,1350,600,2025-04-21 09:56:10.955
tf,NFO,79514,,,,,77.45,-54.81,,1745209572,,,,,,,,,,,,2025-04-21 09:56:12.510
tf,NFO,79514,,,,,77.70,-54.67,,1745209572,,,,,21472425,,,77.50,77.70,600,825,2025-04-21 09:56:12.561
tf,NFO,79514,,,,,77.25,-54.93,,1745209574,,,,103.88,21482850,,,77.05,77.25,675,1425,2025-04-21 09:56:14.362
tf,NFO,79514,,,,,76.80,-55.19,,1745209575,,,,,,,,,,,,2025-04-21 09:56:15.378
tf,NFO,79514,,,,,77.25,-54.93,,1745209576,,,,103.87,21492300,,,77.10,77.30,1125,300,2025-04-21 09:56:15.965
tf,NFO,79514,,,,,77.40,-54.84,,1745209576,,,,,,,,,,,,2025-04-21 09:56:16.378
tf,NFO,79514,,,,,77.15,-54.99,,1745209577,,,,,,,,,,,,2025-04-21 09:56:17.382
tf,NFO,79514,,,,,77.50,-54.78,,1745209577,,,,,21495825,,,77.30,77.55,1500,975,2025-04-21 09:56:17.566
tf,NFO,79514,,,,,76.80,-55.19,,1745209578,,,,,,,,,,,,2025-04-21 09:56:18.395
tf,NFO,79514,,,,,77.95,-54.52,,1745209579,,,,103.86,21504150,,,77.75,77.95,900,450,2025-04-21 09:56:19.461
tf,NFO,79514,,,,,77.35,-54.87,,1745209580,,,,,,,,,,,,2025-04-21 09:56:20.380
tf,NFO,79514,,,,,77.70,-54.67,,1745209581,,,,103.85,21510600,,,,77.90,825,75,2025-04-21 09:56:20.969
tf,NFO,79514,,,,,78.20,-54.38,,1745209581,,,,,,,,,,,,2025-04-21 09:56:21.383
tf,NFO,79514,,,,,78.55,-54.17,,1745209582,,,,,,,,,,,,2025-04-21 09:56:22.384
tf,NFO,79514,,,,,78.40,-54.26,,1745209582,,,,103.84,21516150,,,78.20,78.40,1500,1200,2025-04-21 09:56:22.573
tf,NFO,79514,,,,,78.85,-54.00,,1745209583,,,,,,,,,,,,2025-04-21 09:56:23.379
tf,NFO,79514,,,,,79.00,-53.91,,1745209584,,,,103.83,21528825,,,78.50,78.75,1200,750,2025-04-21 09:56:24.378
tf,NFO,79514,,,,,78.95,-53.94,,1745209585,,,,,,,,,,,,2025-04-21 09:56:25.406
tf,NFO,79514,,,,,78.75,-54.05,,1745209586,,,,103.82,21532125,,,78.70,78.95,1950,600,2025-04-21 09:56:26.050
tf,NFO,79514,,,,,78.95,-53.94,,1745209586,,,,,,,,,,,,2025-04-21 09:56:26.387
tf,NFO,79514,,,,,79.70,-53.50,,1745209587,,,,,,,,,,,,2025-04-21 09:56:27.391
tf,NFO,79514,,,,,79.35,-53.70,,1745209587,,,,,21537825,,,79.35,79.55,900,150,2025-04-21 09:56:27.581
tf,NFO,79514,,,,,79.45,-53.65,,1745209588,,,,,,,,,,,,2025-04-21 09:56:28.385
tf,NFO,79514,,,,,78.45,-54.23,,1745209589,,,,103.80,21551550,,,78.45,78.60,825,75,2025-04-21 09:56:29.391
tf,NFO,79514,,,,,78.60,-54.14,,1745209590,,,,,,,,,,,,2025-04-21 09:56:30.389
tf,NFO,79514,,,,,78.50,-54.20,,1745209591,,,,,21557850,,,78.25,78.45,300,150,2025-04-21 09:56:30.983
tf,NFO,79514,,,,,77.90,-54.55,,1745209591,,,,,,,,,,,,2025-04-21 09:56:31.386
tf,NFO,79514,,,,,77.60,-54.73,,1745209592,,,,,,,,,,,,2025-04-21 09:56:32.391
tf,NFO,79514,,,,,,,,1745209592,,,,103.79,21565950,,,77.65,77.85,150,750,2025-04-21 09:56:32.607
tf,NFO,79514,,,,,78.15,-54.40,,1745209593,,,,,,,,,,,,2025-04-21 09:56:33.389
tf,NFO,79514,,,,,77.80,-54.61,,1745209594,,,,,,,,,,,,2025-04-21 09:56:34.417
tf,NFO,79514,,,,,,,,1745209594,,,,103.78,21571875,,,77.70,77.90,450,825,2025-04-21 09:56:34.421
tf,NFO,79514,,,,,77.65,-54.70,,1745209595,,,,,,,,,,,,2025-04-21 09:56:35.399
tf,NFO,79514,,,,,77.55,-54.75,,1745209596,,,,,21574500,,,77.35,77.50,150,300,2025-04-21 09:56:35.997
tf,NFO,79514,,,,,77.10,-55.02,,1745209597,,,,,,,,,,,,2025-04-21 09:56:37.385
tf,NFO,79514,,,,,77.30,-54.90,,1745209597,,,,103.77,21580125,,,77.15,77.30,750,825,2025-04-21 09:56:37.605
tf,NFO,79514,,,,,76.80,-55.19,,1745209598,,,,,,,,,,,,2025-04-21 09:56:38.443
tf,NFO,79514,,,,,77.50,-54.78,,1745209599,,,,,,,,,,,,2025-04-21 09:56:39.386
tf,NFO,79514,,,,,,,,1745209599,,,,103.75,21592125,,,77.40,77.60,1500,450,2025-04-21 09:56:39.393
tf,NFO,79514,,,,,76.80,-55.19,,1745209600,,,,,,,,,,,,2025-04-21 09:56:40.390
tf,NFO,79514,,,,,76.70,-55.25,,1745209601,,,,,21597975,,,76.50,76.70,1125,300,2025-04-21 09:56:40.998
tf,NFO,79514,,,,,76.50,-55.37,,1745209601,,,,,,,,,,,,2025-04-21 09:56:41.389
tf,NFO,79514,,,,,77.05,-55.05,,1745209602,,,,,,,,,,,,2025-04-21 09:56:42.389
tf,NFO,79514,,,,,77.00,-55.08,,1745209602,,,,103.74,21606750,,,76.70,76.90,525,900,2025-04-21 09:56:42.608
tf,NFO,79514,,,,,76.85,-55.16,,1745209603,,,,,,,,,,,,2025-04-21 09:56:43.390
tf,NFO,79514,,,,,76.40,-55.43,,1745209604,,,,,,,,,,,,2025-04-21 09:56:44.394
tf,NFO,79514,,,,,,,,1745209604,,,,103.73,21611400,,,76.35,76.60,,1575,2025-04-21 09:56:44.422
tf,NFO,79514,,,,,76.00,-55.66,,1745209605,,,,,,,,,,,,2025-04-21 09:56:45.481
tf,NFO,79514,,,,,76.20,-55.54,,1745209606,,,,103.71,21623175,,,76.20,76.30,75,75,2025-04-21 09:56:46.085
tf,NFO,79514,,,,,76.30,-55.48,,1745209606,,,,,,,,,,,,2025-04-21 09:56:46.505
tf,NFO,79514,,,,,76.10,-55.60,,1745209607,,,,,,,,,,,,2025-04-21 09:56:47.522
tf,NFO,79514,,,,,76.15,-55.57,,1745209607,,,,,21629700,,,76.05,76.25,300,900,2025-04-21 09:56:47.734
tf,NFO,79514,,,,,76.30,-55.48,,1745209608,,,,,,,,,,,,2025-04-21 09:56:48.415
tf,NFO,79514,,,,,77.00,-55.08,,1745209609,,,,,,,,,,,,2025-04-21 09:56:49.395
tf,NFO,79514,,,,,,,,1745209609,,,,103.68,21647700,,,77.05,77.20,,75,2025-04-21 09:56:49.427
tf,NFO,79514,,,,,76.50,-55.37,,1745209610,,,,,,,,,,,,2025-04-21 09:56:50.401
tf,NFO,79514,,,,,76.65,-55.28,,1745209611,,,,103.67,21654825,,,76.50,76.70,1200,750,2025-04-21 09:56:51.043
tf,NFO,79514,,,,,76.90,-55.13,,1745209612,,,,,,,,,,,,2025-04-21 09:56:52.449
tf,NFO,79514,,,,,,,,1745209612,,,,,21659175,,,76.75,76.95,900,1200,2025-04-21 09:56:52.678
tf,NFO,79514,,,,,76.60,-55.31,,1745209613,,,,,,,,,,,,2025-04-21 09:56:53.398
tf,NFO,79514,,,,,76.75,-55.22,,1745209614,,,,,,,,,,,,2025-04-21 09:56:54.401
tf,NFO,79514,,,,,76.50,-55.37,,1745209614,,,,103.66,21665925,,,76.40,76.50,150,450,2025-04-21 09:56:54.414
tf,NFO,79514,,,,,76.40,-55.43,,1745209615,,,,,,,,,,,,2025-04-21 09:56:55.403
tf,NFO,79514,,,,,75.90,-55.72,,1745209616,,,,,21670200,,,76.10,76.30,975,75,2025-04-21 09:56:56.046
tf,NFO,79514,,,,,76.15,-55.57,,1745209616,,,,,,,,,,,,2025-04-21 09:56:56.408
tf,NFO,79514,,,,,76.00,-55.66,,1745209617,,,,,,,,,,,,2025-04-21 09:56:57.410
tf,NFO,79514,,,,,,,,1745209617,,,,103.65,21675375,,,76.05,,1350,1275,2025-04-21 09:56:57.647
tf,NFO,79514,,,,,76.10,-55.60,,1745209619,,,,,,,,,,,,2025-04-21 09:56:59.431
tf,NFO,79514,,,,,,,,1745209619,,,,103.64,21682875,,,76.00,76.15,750,225,2025-04-21 09:56:59.458
tf,NFO,79514,,,,,75.70,-55.83,,1745209620,,,,,,,,,,,,2025-04-21 09:57:00.408
tf,NFO,79514,,,,,75.30,-56.07,,1745209621,,,,103.63,21686175,,,75.30,75.50,975,1125,2025-04-21 09:57:01.040
tf,NFO,79514,,,,,75.50,-55.95,,1745209621,,,,,,,,,,,,2025-04-21 09:57:01.412
tf,NFO,79514,,,,,75.45,-55.98,,1745209622,,,,,,,,,,,,2025-04-21 09:57:02.409
tf,NFO,79514,,,,,75.65,-55.86,,1745209622,,,,103.62,21695925,,,75.45,75.65,450,750,2025-04-21 09:57:02.656
tf,NFO,79514,,,,,75.35,-56.04,,1745209623,,,,,,,,,,,,2025-04-21 09:57:03.409
tf,NFO,79514,,,,,76.00,-55.66,,1745209624,,,,,,,,,,,,2025-04-21 09:57:04.410
tf,NFO,79514,,,,,,,,1745209624,,,,103.61,21704775,,,76.00,76.20,1425,600,2025-04-21 09:57:04.430
tf,NFO,79514,,,,,75.70,-55.83,,1745209625,,,,,,,,,,,,2025-04-21 09:57:05.413
tf,NFO,79514,,,,,76.00,-55.66,,1745209626,,,,103.60,21710250,,,75.80,76.00,1725,900,2025-04-21 09:57:06.035
tf,NFO,79514,,,,,75.65,-55.86,,1745209626,,,,,,,,,,,,2025-04-21 09:57:06.410
tf,NFO,79514,,,,,75.70,-55.83,,1745209627,,,,,,,,,,,,2025-04-21 09:57:07.426
tf,NFO,79514,,,,,75.80,-55.78,,1745209628,,,,,21713625,,,75.65,75.85,375,1425,2025-04-21 09:57:07.653
tf,NFO,79514,,,,,75.95,-55.69,,1745209628,,,,,,,,,,,,2025-04-21 09:57:08.410
tf,NFO,79514,,,,,75.65,-55.86,,1745209629,,,,,21716775,,,75.40,75.60,675,2100,2025-04-21 09:57:09.270
tf,NFO,79514,,,,,75.55,-55.92,,1745209630,,,,,,,,,,,,2025-04-21 09:57:10.411
tf,NFO,79514,,,,,75.40,-56.01,,1745209631,,,,103.58,21728850,,,75.20,75.35,225,525,2025-04-21 09:57:11.040
tf,NFO,79514,,,,,75.20,-56.13,,1745209631,,,,,,,,,,,,2025-04-21 09:57:11.485
tf,NFO,79514,,,,,74.95,-56.27,,1745209632,,,,,,,,,,,,2025-04-21 09:57:12.513
tf,NFO,79514,,,,,74.85,-56.33,,1745209633,,,,103.56,21743250,,,74.85,75.10,1200,1425,2025-04-21 09:57:12.752
tf,NFO,79514,,,,,74.95,-56.27,,1745209633,,,,,,,,,,,,2025-04-21 09:57:13.416
tf,NFO,79514,,,,,74.90,-56.30,,1745209634,,,,103.55,21747825,,,74.70,74.90,75,900,2025-04-21 09:57:14.254
tf,NFO,79514,,,,,74.95,-56.27,,1745209634,,,,,,,,,,,,2025-04-21 09:57:14.419
tf,NFO,79514,,,,,74.40,-56.59,,1745209635,,,,,,,,,,,,2025-04-21 09:57:15.419
tf,NFO,79514,,,,,75.00,-56.24,,1745209636,,,,,21754425,,,75.00,75.20,1500,375,2025-04-21 09:57:15.852
tf,NFO,79514,,,,,75.50,-55.95,,1745209636,,,,,,,,,,,,2025-04-21 09:57:16.418
tf,NFO,79514,,,,,75.55,-55.92,,1745209638,,,,103.54,21762300,,,75.50,75.65,750,75,2025-04-21 09:57:17.660
tf,NFO,79514,,,,,75.50,-55.95,,1745209638,,,,,,,,,,,,2025-04-21 09:57:18.475
tf,NFO,79514,,,,,75.65,-55.86,,1745209639,,,,103.53,21768450,,,,75.70,1800,675,2025-04-21 09:57:19.291
tf,NFO,79514,,,,,75.55,-55.92,,1745209639,,,,,,,,,,,,2025-04-21 09:57:19.473
tf,NFO,79514,,,,,75.45,-55.98,,1745209640,,,,,,,,,,,,2025-04-21 09:57:20.524
tf,NFO,79514,,,,,75.00,-56.24,,1745209641,,,,,21769875,,,75.00,75.15,300,525,2025-04-21 09:57:20.940
tf,NFO,79514,,,,,75.15,-56.16,,1745209641,,,,,,,,,,,,2025-04-21 09:57:21.517
tf,NFO,79514,,,,,74.95,-56.27,,1745209642,,,,,,,,,,,,2025-04-21 09:57:22.416
tf,NFO,79514,,,,,75.00,-56.24,,1745209643,,,,103.52,21776700,,,74.85,75.00,225,1350,2025-04-21 09:57:22.660
tf,NFO,79514,,,,,74.90,-56.30,,1745209643,,,,,,,,,,,,2025-04-21 09:57:23.435
tf,NFO,79514,,,,,74.50,-56.53,,1745209644,,,,103.51,21780600,,,74.50,74.65,450,150,2025-04-21 09:57:24.267
tf,NFO,79514,,,,,74.90,-56.30,,1745209645,,,,,,,,,,,,2025-04-21 09:57:25.458
tf,NFO,79514,,,,,75.15,-56.16,,1745209646,,,,103.49,21798225,,,75.15,75.30,7425,375,2025-04-21 09:57:25.866
tf,NFO,79514,,,,,74.70,-56.42,,1745209646,,,,,,,,,,,,2025-04-21 09:57:26.470
tf,NFO,79514,,,,,74.40,-56.59,,1745209647,,,,,,,,,,,,2025-04-21 09:57:27.447
tf,NFO,79514,,,,,74.45,-56.56,,1745209648,,,,103.48,21807825,,,74.25,74.45,525,1350,2025-04-21 09:57:27.679
tf,NFO,79514,,,,,74.80,-56.36,,1745209648,,,,,,,,,,,,2025-04-21 09:57:28.425
tf,NFO,79514,,,,,,,,1745209649,,,,103.47,21814200,,,74.75,74.90,,600,2025-04-21 09:57:29.304
tf,NFO,79514,,,,,74.90,-56.30,,1745209649,,,,,,,,,,,,2025-04-21 09:57:29.423
tf,NFO,79514,,,,,74.85,-56.33,,1745209651,,,,103.46,21819525,,,74.65,74.80,375,750,2025-04-21 09:57:30.903
tf,NFO,79514,,,,,74.70,-56.42,,1745209652,,,,,,,,,,,,2025-04-21 09:57:32.427
tf,NFO,79514,,,,,74.75,-56.39,,1745209653,,,,,21823875,,,,,75,525,2025-04-21 09:57:32.785
tf,NFO,79514,,,,,74.90,-56.30,,1745209653,,,,,,,,,,,,2025-04-21 09:57:33.440
tf,NFO,79514,,,,,74.85,-56.33,,1745209654,,,,103.45,21827775,,,,74.85,900,150,2025-04-21 09:57:34.277
tf,NFO,79514,,,,,74.70,-56.42,,1745209655,,,,,,,,,,,,2025-04-21 09:57:35.432
tf,NFO,79514,,,,,74.65,-56.45,,1745209656,,,,103.44,21831900,,,74.55,74.70,525,600,2025-04-21 09:57:35.896
tf,NFO,79514,,,,,74.60,-56.48,,1745209656,,,,,,,,,,,,2025-04-21 09:57:36.445
tf,NFO,79514,,,,,74.50,-56.53,,1745209657,,,,,,,,,,,,2025-04-21 09:57:37.429
tf,NFO,79514,,,,,,,,1745209657,,,,103.43,21842850,,,74.45,74.65,825,1125,2025-04-21 09:57:37.484
tf,NFO,79514,,,,,74.30,-56.65,,1745209658,,,,,,5107875,,,,,,2025-04-21 09:57:38.440
tf,NFO,79514,,,,,74.40,-56.59,,1745209659,,,,103.42,21850200,,,74.25,74.45,600,1725,2025-04-21 09:57:39.170
tf,NFO,79514,,,,,74.30,-56.65,,1745209659,,,,,,,,,,,,2025-04-21 09:57:39.431
tf,NFO,79514,,,,,74.40,-56.59,,1745209660,,,,,,,,,,,,2025-04-21 09:57:40.435
tf,NFO,79514,,,,,74.60,-56.48,,1745209661,,,,103.40,21862650,,,74.45,74.65,825,1200,2025-04-21 09:57:40.891
tf,NFO,79514,,,,,74.55,-56.51,,1745209661,,,,,,,,,,,,2025-04-21 09:57:41.433
tf,NFO,79514,,,,,74.45,-56.56,,1745209662,,,,,,,,,,,,2025-04-21 09:57:42.440
tf,NFO,79514,,,,,74.40,-56.59,,1745209662,,,,,21866175,,,74.25,74.45,1275,525,2025-04-21 09:57:42.523
tf,NFO,79514,,,,,74.00,-56.83,,1745209663,,,,,,,,,,,,2025-04-21 09:57:43.431
tf,NFO,79514,,,,,74.15,-56.74,,1745209664,,,,103.38,21878400,,,74.15,74.30,975,150,2025-04-21 09:57:44.122
tf,NFO,79514,,,,,74.35,-56.62,,1745209664,,,,,,,,,,,,2025-04-21 09:57:44.544
tf,NFO,79514,,,,,74.40,-56.59,,1745209665,,,,,,,,,,,,2025-04-21 09:57:45.536
tf,NFO,79514,,,,,74.15,-56.74,,1745209666,,,,103.37,21886050,,,74.00,74.15,3450,1200,2025-04-21 09:57:45.932
tf,NFO,79514,,,,,73.80,-56.94,,1745209666,,,,,,,,,,,,2025-04-21 09:57:46.434
tf,NFO,79514,,,,,73.70,-57.00,,1745209667,,,,,,,,,,,,2025-04-21 09:57:47.437
tf,NFO,79514,,,,,,,,1745209667,,,,103.35,21901875,,,73.70,73.85,450,150,2025-04-21 09:57:47.502
tf,NFO,79514,,,,,74.95,-56.27,,1745209668,,,,,,,,,,,,2025-04-21 09:57:48.434
tf,NFO,79514,,,,,75.45,-55.98,,1745209669,,,,103.34,21909825,,,75.35,75.50,,450,2025-04-21 09:57:49.127
tf,NFO,79514,,,,,75.50,-55.95,,1745209669,,,,,,,,,,,,2025-04-21 09:57:49.439
tf,NFO,79514,,,,,75.55,-55.92,,1745209671,,,,,21913575,,,75.40,75.55,1125,75,2025-04-21 09:57:50.905
tf,NFO,79514,,,,,76.00,-55.66,,1745209671,,,,,,,,,,,,2025-04-21 09:57:51.441
tf,NFO,79514,,,,,76.15,-55.57,,1745209672,,,,103.32,21926175,,,75.95,76.15,300,2025,2025-04-21 09:57:52.509
tf,NFO,79514,,,,,76.95,-55.11,,1745209673,,,,,,,,,,,,2025-04-21 09:57:53.502
tf,NFO,79514,,,,,76.45,-55.40,,1745209674,,,,103.31,21935550,,,76.45,76.65,,825,2025-04-21 09:57:54.209
tf,NFO,79514,,,,,76.60,-55.31,,1745209674,,,,,,,,,,,,2025-04-21 09:57:54.492
tf,NFO,79514,,,,,76.55,-55.34,,1745209675,,,,,,,,,,,,2025-04-21 09:57:55.447
tf,NFO,79514,,,,,76.20,-55.54,,1745209676,,,,,21938775,,,76.05,76.20,750,375,2025-04-21 09:57:55.909
tf,NFO,79514,,,,,76.35,-55.46,,1745209676,,,,,,,,,,,,2025-04-21 09:57:56.447
tf,NFO,79514,,,,,76.60,-55.31,,1745209677,,,,,,,,,,,,2025-04-21 09:57:57.443
tf,NFO,79514,,,,,,,,1745209677,,,,103.30,21942000,,,76.75,76.95,1275,525,2025-04-21 09:57:57.547
tf,NFO,79514,,,,,77.20,-54.96,,1745209678,,,,,,,,,,,,2025-04-21 09:57:58.450
tf,NFO,79514,,,,,76.70,-55.25,,1745209679,,,,103.29,21950400,,,76.60,76.70,75,675,2025-04-21 09:57:59.300
tf,NFO,79514,,,,,76.05,-55.63,,1745209679,,,,,,,,,,,,2025-04-21 09:57:59.440
tf,NFO,79514,,,,,75.90,-55.72,,1745209680,,,,,,,,,,,,2025-04-21 09:58:00.451
tf,NFO,79514,,,,,76.30,-55.48,,1745209681,,,,103.27,21964875,,,76.10,76.30,375,2400,2025-04-21 09:58:00.927
tf,NFO,79514,,,,,76.10,-55.60,,1745209681,,,,,,,,,,,,2025-04-21 09:58:01.441
tf,NFO,79514,,,,,76.00,-55.66,,1745209682,,,,,,,,,,,,2025-04-21 09:58:02.443
tf,NFO,79514,,,,,,,,1745209682,,,,,21968325,,,75.90,76.05,1050,1050,2025-04-21 09:58:02.530
tf,NFO,79514,,,,,75.60,-55.89,,1745209683,,,,,,,,,,,,2025-04-21 09:58:03.445
tf,NFO,79514,,,,,75.00,-56.24,,1745209684,,,,103.26,21975975,,,75.00,75.15,375,1500,2025-04-21 09:58:04.143
tf,NFO,79514,,,,,75.20,-56.13,,1745209685,,,,,,,,,,,,2025-04-21 09:58:05.851
tf,NFO,79514,,,,,75.40,-56.01,,1745209686,,,,103.25,21982275,,,75.25,75.40,150,1125,2025-04-21 09:58:06.007
tf,NFO,79514,,,,,75.30,-56.07,,1745209686,,,,,,,,,,,,2025-04-21 09:58:06.447
tf,NFO,79514,,,,,75.10,-56.18,,1745209687,,,,,,,,,,,,2025-04-21 09:58:07.446
tf,NFO,79514,,,,,75.15,-56.16,,1745209687,,,,,21985125,,,75.00,75.20,600,1425,2025-04-21 09:58:07.565
tf,NFO,79514,,,,,74.90,-56.30,,1745209688,,,,,,,,,,,,2025-04-21 09:58:08.460
tf,NFO,79514,,,,,,,,1745209689,,,,103.24,21989025,,,74.50,74.70,1275,1800,2025-04-21 09:58:09.137
tf,NFO,79514,,,,,74.60,-56.48,,1745209689,,,,,,,,,,,,2025-04-21 09:58:09.447
tf,NFO,79514,,,,,74.50,-56.53,,1745209690,,,,,,,,,,,,2025-04-21 09:58:10.453
tf,NFO,79514,,,,,74.00,-56.83,,1745209691,,,,,21993750,,,73.75,73.90,75,2025,2025-04-21 09:58:10.934
tf,NFO,79514,,,,,73.80,-56.94,,1745209692,,,,,,,,,,,,2025-04-21 09:58:12.533
tf,NFO,79514,,,,,,,,1745209692,,,,103.23,21996000,,,73.85,74.00,600,225,2025-04-21 09:58:12.589
tf,NFO,79514,,,,,74.00,-56.83,,1745209693,,,,,,,,,,,,2025-04-21 09:58:13.460
tf,NFO,79514,,,,,73.50,-57.12,,1745209694,,,,,21998775,,,73.45,73.65,375,750,2025-04-21 09:58:14.141
tf,NFO,79514,,,,,73.95,-56.86,,1745209694,,,,,,,,,,,,2025-04-21 09:58:14.448
tf,NFO,79514,,,,,73.70,-57.00,,1745209695,,,,,,,,,,,,2025-04-21 09:58:15.454
tf,NFO,79514,,,,,73.80,-56.94,,1745209696,,,,103.21,22011075,,,73.60,73.80,1200,1575,2025-04-21 09:58:15.942
tf,NFO,79514,,,,,73.45,-57.15,,1745209696,,,,,,,,,,,,2025-04-21 09:58:16.449
tf,NFO,79514,,,,,73.60,-57.06,,1745209697,,,,,22015725,,,73.45,73.65,225,2400,2025-04-21 09:58:18.309
tf,NFO,79514,,,,,73.45,-57.15,,1745209698,,,,,,,,,,,,2025-04-21 09:58:18.472
tf,NFO,79514,,,,,73.50,-57.12,,1745209699,,,,103.19,22025325,,,73.40,73.50,2550,150,2025-04-21 09:58:19.271
tf,NFO,79514,,,,,73.75,-56.97,,1745209699,,,,,,,,,,,,2025-04-21 09:58:19.459
tf,NFO,79514,,,,,73.85,-56.91,,1745209700,,,,,,,,,,,,2025-04-21 09:58:20.451
tf,NFO,79514,,,,,74.00,-56.83,,1745209701,,,,103.18,22032075,,,73.80,74.00,525,3675,2025-04-21 09:58:20.953
tf,NFO,79514,,,,,73.80,-56.94,,1745209701,,,,,,,,,,,,2025-04-21 09:58:21.455
tf,NFO,79514,,,,,73.65,-57.03,,1745209702,,,,,,,,,,,,2025-04-21 09:58:22.461
tf,NFO,79514,,,,,73.70,-57.00,,1745209702,,,,103.17,22040925,,,73.75,73.95,1125,450,2025-04-21 09:58:22.559
tf,NFO,79514,,,,,73.80,-56.94,,1745209703,,,,,,,,,,,,2025-04-21 09:58:23.456
tf,NFO,79514,,,,,73.50,-57.12,,1745209704,,,,,22046475,,,73.50,73.65,525,1125,2025-04-21 09:58:24.171
