t,e,tk,ts,pp,ls,ti,lp,pc,c,ft,o,h,l,ap,v,oi,poi,bp1,sp1,bq1,sq1,received_timestamp
tk,NFO,79513,NIFTY24APR25C23800,2,75,0.05,288.70,32.49,217.90,1745209403,231.95,303.55,219.30,258.56,7431300,3296250,3316200,288.15,288.80,375,525,2025-04-21 09:53:24.016
tf,NFO,79513,,,,,287.30,31.85,,1745209404,,,,,,,,,,,,2025-04-21 09:53:24.271
tf,NFO,79513,,,,,287.05,31.73,,1745209404,,,,258.57,7432650,,,286.80,287.40,900,150,2025-04-21 09:53:24.501
tf,NFO,79513,,,,,287.10,31.76,,1745209405,,,,,,,,,,,,2025-04-21 09:53:25.276
tf,NFO,79513,,,,,285.15,30.86,,1745209406,,,,,,,,,,,,2025-04-21 09:53:26.273
tf,NFO,79513,,,,,,,,1745209406,,,,258.59,7437975,,,285.30,285.95,525,225,2025-04-21 09:53:26.394
tf,NFO,79513,,,,,286.30,31.39,,1745209407,,,,,,,,,,,,2025-04-21 09:53:27.272
tf,NFO,79513,,,,,284.45,30.54,,1745209408,,,,,7440000,,,284.05,284.65,75,375,2025-04-21 09:53:27.911
tf,NFO,79513,,,,,284.00,30.34,,1745209408,,,,,,,,,,,,2025-04-21 09:53:28.272
tf,NFO,79513,,,,,285.30,30.93,,1745209409,,,,,,,,,,,,2025-04-21 09:53:29.364
tf,NFO,79513,,,,,,,,1745209409,,,,258.60,7442025,,,283.95,,600,75,2025-04-21 09:53:29.582
tf,NFO,79513,,,,,285.40,30.98,,1745209410,,,,,,,,,,,,2025-04-21 09:53:30.279
tf,NFO,79513,,,,,285.20,30.89,,1745209411,,,,,,,,,,,,2025-04-21 09:53:31.273
tf,NFO,79513,,,,,,,,1745209411,,,,258.61,7443975,,,285.00,285.60,75,1350,2025-04-21 09:53:31.310
tf,NFO,79513,,,,,286.75,31.60,,1745209412,,,,,,,,,,,,2025-04-21 09:53:32.301
tf,NFO,79513,,,,,283.80,30.24,,1745209413,,,,258.63,7449075,,,283.80,284.45,1125,150,2025-04-21 09:53:32.981
tf,NFO,79513,,,,,283.95,30.31,,1745209414,,,,,,,,,,,,2025-04-21 09:53:34.279
tf,NFO,79513,,,,,285.25,30.91,,1745209414,,,,,7450125,,,285.30,285.90,675,300,2025-04-21 09:53:34.524
tf,NFO,79513,,,,,285.10,30.84,,1745209415,,,,,,,,,,,,2025-04-21 09:53:35.280
tf,NFO,79513,,,,,284.80,30.70,,1745209416,,,,,,,,,,,,2025-04-21 09:53:36.279
tf,NFO,79513,,,,,,,,1745209416,,,,258.64,7453425,,,285.00,285.55,150,150,2025-04-21 09:53:36.317
tf,NFO,79513,,,,,285.15,30.86,,1745209417,,,,,,,,,,,,2025-04-21 09:53:37.301
tf,NFO,79513,,,,,285.35,30.95,,1745209418,,,,258.65,7455825,,,285.20,285.80,,,2025-04-21 09:53:37.920
tf,NFO,79513,,,,,285.60,31.07,,1745209418,,,,,,,,,,,,2025-04-21 09:53:38.280
tf,NFO,79513,,,,,286.45,31.46,,1745209419,,,,,,,,,,,,2025-04-21 09:53:39.371
tf,NFO,79513,,,,,286.35,31.41,,1745209419,,,,258.66,7459725,,,286.20,286.80,225,300,2025-04-21 09:53:39.947
tf,NFO,79513,,,,,287.50,31.94,,1745209420,,,,,,,,,,,,2025-04-21 09:53:40.418
tf,NFO,79513,,,,,288.35,32.33,,1745209421,,,,258.68,7463700,,,288.35,288.95,75,225,2025-04-21 09:53:41.128
tf,NFO,79513,,,,,289.15,32.70,,1745209421,,,,,,,,,,,,2025-04-21 09:53:41.289
tf,NFO,79513,,,,,287.90,32.12,,1745209422,,,,,,,,,,,,2025-04-21 09:53:42.281
tf,NFO,79513,,,,,287.60,31.99,,1745209423,,,,258.69,7466100,,,287.00,287.60,150,525,2025-04-21 09:53:42.928
tf,NFO,79513,,,,,286.25,31.37,,1745209423,,,,,,,,,,,,2025-04-21 09:53:43.281
tf,NFO,79513,,,,,287.40,31.90,,1745209424,,,,,,,,,,,,2025-04-21 09:53:44.287
tf,NFO,79513,,,,,287.00,31.71,,1745209424,,,,258.70,7470150,,,,287.65,675,300,2025-04-21 09:53:44.535
tf,NFO,79513,,,,,286.60,31.53,,1745209425,,,,,,,,,,,,2025-04-21 09:53:45.292
tf,NFO,79513,,,,,285.60,31.07,,1745209426,,,,258.71,7471800,,,285.45,286.15,450,525,2025-04-21 09:53:46.244
tf,NFO,79513,,,,,285.65,31.09,,1745209427,,,,,,,,,,,,2025-04-21 09:53:47.286
tf,NFO,79513,,,,,286.65,31.55,,1745209428,,,,258.72,7474350,,,286.70,287.35,225,300,2025-04-21 09:53:47.939
tf,NFO,79513,,,,,287.00,31.71,,1745209429,,,,,,,,,,,,2025-04-21 09:53:49.294
tf,NFO,79513,,,,,286.65,31.55,,1745209429,,,,258.73,7477200,,,287.05,287.65,300,,2025-04-21 09:53:49.539
tf,NFO,79513,,,,,286.15,31.32,,1745209430,,,,,,,,,,,,2025-04-21 09:53:50.291
tf,NFO,79513,,,,,287.35,31.87,,1745209431,,,,258.75,7481475,,,287.30,287.95,825,150,2025-04-21 09:53:51.146
tf,NFO,79513,,,,,286.90,31.67,,1745209432,,,,,,,,,,,,2025-04-21 09:53:52.412
tf,NFO,79513,,,,,286.25,31.37,,1745209433,,,,,7481925,,,286.15,286.75,225,375,2025-04-21 09:53:53.035
tf,NFO,79513,,,,,286.50,31.48,,1745209434,,,,,,,,,,,,2025-04-21 09:53:54.333
tf,NFO,79513,,,,,,,,1745209434,,,,,7482000,,,286.00,286.60,,525,2025-04-21 09:53:54.613
tf,NFO,79513,,,,,286.65,31.55,,1745209436,,,,,7482825,,,286.55,287.00,150,75,2025-04-21 09:53:56.164
tf,NFO,79513,,,,,286.45,31.46,,1745209436,,,,,,,,,,,,2025-04-21 09:53:56.524
tf,NFO,79513,,,,,286.00,31.25,,1745209437,,,,,,,,,,,,2025-04-21 09:53:57.296
tf,NFO,79513,,,,,286.05,31.28,,1745209438,,,,258.76,7485375,,,285.45,286.10,300,150,2025-04-21 09:53:57.965
tf,NFO,79513,,,,,285.80,31.16,,1745209439,,,,,,,,,,,,2025-04-21 09:53:59.602
tf,NFO,79513,,,,,286.70,31.57,,1745209439,,,,258.77,7487700,,,286.20,286.85,150,,2025-04-21 09:53:59.628
tf,NFO,79513,,,,,287.85,32.10,,1745209440,,,,,,,,,,,,2025-04-21 09:54:00.393
tf,NFO,79513,,,,,288.00,32.17,,1745209441,,,,258.78,7489575,,,285.70,286.30,75,,2025-04-21 09:54:01.228
tf,NFO,79513,,,,,286.50,31.48,,1745209441,,,,,,,,,,,,2025-04-21 09:54:01.451
tf,NFO,79513,,,,,286.10,31.30,,1745209442,,,,,,,,,,,,2025-04-21 09:54:02.306
tf,NFO,79513,,,,,286.80,31.62,,1745209443,,,,,7491075,,,286.80,287.50,225,975,2025-04-21 09:54:02.959
tf,NFO,79513,,,,,286.00,31.25,,1745209444,,,,,,,,,,,,2025-04-21 09:54:04.307
tf,NFO,79513,,,,,285.80,31.16,,1745209444,,,,258.79,7492050,,,286.20,286.70,300,75,2025-04-21 09:54:04.586
tf,NFO,79513,,,,,285.20,30.89,,1745209445,,,,,,,,,,,,2025-04-21 09:54:05.300
tf,NFO,79513,,,,,284.60,30.61,,1745209446,,,,258.80,7495500,,,284.45,285.00,75,675,2025-04-21 09:54:06.163
tf,NFO,79513,,,,,285.80,31.16,,1745209447,,,,,,,,,,,,2025-04-21 09:54:07.298
tf,NFO,79513,,,,,286.60,31.53,,1745209448,,,,,7497600,,,286.35,287.00,150,375,2025-04-21 09:54:07.780
tf,NFO,79513,,,,,286.35,31.41,,1745209448,,,,,,,,,,,,2025-04-21 09:54:08.300
tf,NFO,79513,,,,,286.05,31.28,,1745209449,,,,,,,,,,,,2025-04-21 09:54:09.305
tf,NFO,79513,,,,,286.35,31.41,,1745209449,,,,258.81,7500300,,,286.10,286.65,675,300,2025-04-21 09:54:09.571
tf,NFO,79513,,,,,285.35,30.95,,1745209450,,,,,,,,,,,,2025-04-21 09:54:10.302
tf,NFO,79513,,,,,284.95,30.77,,1745209451,,,,258.82,7501875,,,285.20,285.80,75,150,2025-04-21 09:54:11.173
tf,NFO,79513,,,,,285.70,31.12,,1745209452,,,,,,,,,,,,2025-04-21 09:54:12.308
tf,NFO,79513,,,,,284.65,30.63,,1745209453,,,,,7502100,,,284.60,285.30,150,525,2025-04-21 09:54:12.927
tf,NFO,79513,,,,,285.00,30.79,,1745209453,,,,,,,,,,,,2025-04-21 09:54:13.323
tf,NFO,79513,,,,,,,,1745209454,,,,,7502475,,,284.70,,75,150,2025-04-21 09:54:14.574
tf,NFO,79513,,,,,285.55,31.05,,1745209455,,,,,,,,,,,,2025-04-21 09:54:15.305
tf,NFO,79513,,,,,286.50,31.48,,1745209456,,,,258.83,7503450,,,286.40,286.50,450,,2025-04-21 09:54:16.208
tf,NFO,79513,,,,,286.75,31.60,,1745209456,,,,,,,,,,,,2025-04-21 09:54:16.300
tf,NFO,79513,,,,,286.35,31.41,,1745209457,,,,,,,,,,,,2025-04-21 09:54:17.420
tf,NFO,79513,,,,,,,,1745209458,,,,,7504125,,,285.95,286.60,150,525,2025-04-21 09:54:17.793
tf,NFO,79513,,,,,287.50,31.94,,1745209458,,,,,,,,,,,,2025-04-21 09:54:18.551
tf,NFO,79513,,,,,288.00,32.17,,1745209459,,,,,,,,,,,,2025-04-21 09:54:20.058
tf,NFO,79513,,,,,,,,1745209459,,,,258.84,7506075,,,288.25,288.90,75,1050,2025-04-21 09:54:20.064
tf,NFO,79513,,,,,289.60,32.91,,1745209460,,,,,,,,,,,,2025-04-21 09:54:20.349
tf,NFO,79513,,,,,288.75,32.51,,1745209461,,,,258.85,7509375,,,289.00,289.55,,75,2025-04-21 09:54:21.363
tf,NFO,79513,,,,,289.50,32.86,,1745209461,,,,,,,,,,,,2025-04-21 09:54:21.408
tf,NFO,79513,,,,,289.15,32.70,,1745209462,,,,,,,,,,,,2025-04-21 09:54:22.479
tf,NFO,79513,,,,,288.95,32.61,,1745209463,,,,258.87,7515525,,,288.35,288.95,150,225,2025-04-21 09:54:22.787
tf,NFO,79513,,,,,289.00,32.63,,1745209463,,,,,,,,,,,,2025-04-21 09:54:23.305
tf,NFO,79513,,,,,288.80,32.54,,1745209464,,,,,,,,,,,,2025-04-21 09:54:24.310
tf,NFO,79513,,,,,289.40,32.81,,1745209464,,,,258.89,7519950,,,288.70,289.40,300,150,2025-04-21 09:54:24.477
tf,NFO,79513,,,,,288.80,32.54,,1745209465,,,,,,,,,,,,2025-04-21 09:54:25.431
tf,NFO,79513,,,,,289.10,32.68,,1745209466,,,,258.90,7521900,,,288.25,288.95,,225,2025-04-21 09:54:26.038
tf,NFO,79513,,,,,289.05,32.65,,1745209466,,,,,,,,,,,,2025-04-21 09:54:26.407
tf,NFO,79513,,,,,288.90,32.58,,1745209467,,,,,,,,,,,,2025-04-21 09:54:27.342
tf,NFO,79513,,,,,,,,1745209468,,,,,7523100,,,287.50,288.10,75,375,2025-04-21 09:54:27.795
tf,NFO,79513,,,,,288.65,32.47,,1745209468,,,,,,,,,,,,2025-04-21 09:54:28.516
tf,NFO,79513,,,,,289.05,32.65,,1745209469,,,,,,,,,,,,2025-04-21 09:54:29.312
tf,NFO,79513,,,,,289.35,32.79,,1745209469,,,,258.91,7524975,,,289.35,289.85,300,,2025-04-21 09:54:29.400
tf,NFO,79513,,,,,287.50,31.94,,1745209470,,,,,,,,,,,,2025-04-21 09:54:30.486
tf,NFO,79513,,,,,288.55,32.42,,1745209471,,,,258.92,7527450,,,287.95,288.50,75,300,2025-04-21 09:54:31.020
tf,NFO,79513,,,,,287.75,32.06,,1745209472,,,,,,,,,,,,2025-04-21 09:54:32.398
tf,NFO,79513,,,,,288.55,32.42,,1745209472,,,,258.93,7528350,,,287.80,288.45,150,675,2025-04-21 09:54:32.806
tf,NFO,79513,,,,,287.00,31.71,,1745209473,,,,,,,,,,,,2025-04-21 09:54:33.437
tf,NFO,79513,,,,,289.05,32.65,,1745209474,,,,,,,,,,,,2025-04-21 09:54:34.391
tf,NFO,79513,,,,,,,,1745209474,,,,,7530075,,,288.30,289.00,675,525,2025-04-21 09:54:34.416
tf,NFO,79513,,,,,288.00,32.17,,1745209475,,,,,,,,,,,,2025-04-21 09:54:35.459
tf,NFO,79513,,,,,288.25,32.29,,1745209476,,,,258.94,7532325,,,287.80,288.30,75,675,2025-04-21 09:54:36.010
tf,NFO,79513,,,,,288.75,32.51,,1745209476,,,,,,,,,,,,2025-04-21 09:54:36.319
tf,NFO,79513,,,,,289.35,32.79,,1745209477,,,,,,,,,,,,2025-04-21 09:54:37.343
tf,NFO,79513,,,,,,,,1745209477,,,,258.95,7534050,,,288.90,289.50,450,450,2025-04-21 09:54:37.654
tf,NFO,79513,,,,,288.45,32.38,,1745209478,,,,,,3285750,,,,,,2025-04-21 09:54:38.349
tf,NFO,79513,,,,,289.05,32.65,,1745209479,,,,258.96,7536600,,,288.85,289.25,150,225,2025-04-21 09:54:39.344
tf,NFO,79513,,,,,289.85,33.02,,1745209480,,,,,,,,,,,,2025-04-21 09:54:40.328
tf,NFO,79513,,,,,289.65,32.93,,1745209481,,,,258.97,7539750,,,289.00,289.65,,750,2025-04-21 09:54:41.013
tf,NFO,79513,,,,,289.95,33.07,,1745209481,,,,,,,,,,,,2025-04-21 09:54:41.324
tf,NFO,79513,,,,,290.05,33.11,,1745209482,,,,,,,,,,,,2025-04-21 09:54:42.321
tf,NFO,79513,,,,,,,,1745209482,,,,,7540275,,,289.65,290.35,300,225,2025-04-21 09:54:42.621
tf,NFO,79513,,,,,289.00,32.63,,1745209483,,,,,,,,,,,,2025-04-21 09:54:43.334
tf,NFO,79513,,,,,289.20,32.72,,1745209484,,,,258.99,7543725,,,288.65,289.25,,75,2025-04-21 09:54:44.224
tf,NFO,79513,,,,,289.50,32.86,,1745209485,,,,,,,,,,,,2025-04-21 09:54:45.454
tf,NFO,79513,,,,,290.10,33.13,,1745209486,,,,259.00,7546125,,,289.75,290.05,150,225,2025-04-21 09:54:46.090
tf,NFO,79513,,,,,290.00,33.09,,1745209486,,,,,,,,,,,,2025-04-21 09:54:46.320
tf,NFO,79513,,,,,,,,1745209487,,,,259.01,7548675,,,289.30,289.90,,300,2025-04-21 09:54:47.662
tf,NFO,79513,,,,,290.50,33.32,,1745209488,,,,,,,,,,,,2025-04-21 09:54:48.394
tf,NFO,79513,,,,,290.00,33.09,,1745209489,,,,,7549275,,,,290.05,525,375,2025-04-21 09:54:49.247
tf,NFO,79513,,,,,289.50,32.86,,1745209490,,,,,,,,,,,,2025-04-21 09:54:50.322
tf,NFO,79513,,,,,290.30,33.23,,1745209491,,,,,7549950,,,289.80,290.40,600,450,2025-04-21 09:54:51.028
tf,NFO,79513,,,,,289.70,32.95,,1745209491,,,,,,,,,,,,2025-04-21 09:54:51.325
tf,NFO,79513,,,,,290.00,33.09,,1745209492,,,,,,,,,,,,2025-04-21 09:54:52.381
tf,NFO,79513,,,,,291.00,33.55,,1745209493,,,,259.02,7553175,,,290.95,291.30,75,150,2025-04-21 09:54:52.678
tf,NFO,79513,,,,,291.30,33.69,,1745209493,,,,,,,,,,,,2025-04-21 09:54:53.442
tf,NFO,79513,,,,,291.20,33.64,,1745209494,,,,259.06,7562025,,,291.45,292.05,300,675,2025-04-21 09:54:54.252
tf,NFO,79513,,,,,292.05,34.03,,1745209494,,,,,,,,,,,,2025-04-21 09:54:54.326
tf,NFO,79513,,,,,291.00,33.55,,1745209495,,,,,,,,,,,,2025-04-21 09:54:55.327
tf,NFO,79513,,,,,290.25,33.20,,1745209496,,,,259.07,7564050,,,290.80,291.40,225,75,2025-04-21 09:54:56.035
tf,NFO,79513,,,,,289.70,32.95,,1745209497,,,,,,,,,,,,2025-04-21 09:54:57.375
tf,NFO,79513,,,,,290.80,33.46,,1745209498,,,,259.09,7568700,,,290.15,290.80,450,225,2025-04-21 09:54:57.694
tf,NFO,79513,,,,,291.10,33.59,,1745209498,,,,,,,,,,,,2025-04-21 09:54:58.583
tf,NFO,79513,,,,,291.65,33.85,,1745209499,,,,,7569675,,,291.60,292.30,375,,2025-04-21 09:54:59.440
tf,NFO,79513,,,,,291.60,33.82,,1745209499,,,,,,,,,,,,2025-04-21 09:54:59.443
tf,NFO,79513,,,,,292.00,34.01,,1745209500,,,,,,,,,,,,2025-04-21 09:55:00.327
tf,NFO,79513,,,,,292.10,34.05,,1745209501,,,,259.10,7571775,,,291.45,292.10,75,75,2025-04-21 09:55:01.042
tf,NFO,79513,,,,,291.40,33.73,,1745209501,,,,,,,,,,,,2025-04-21 09:55:01.329
tf,NFO,79513,,,,,289.80,33.00,,1745209502,,,,,,,,,,,,2025-04-21 09:55:02.331
tf,NFO,79513,,,,,289.50,32.86,,1745209503,,,,259.12,7574625,,,289.70,290.45,225,,2025-04-21 09:55:02.676
tf,NFO,79513,,,,,290.55,33.34,,1745209503,,,,,,,,,,,,2025-04-21 09:55:03.347
tf,NFO,79513,,,,,290.50,33.32,,1745209504,,,,,7575300,,,289.95,290.65,75,,2025-04-21 09:55:04.271
tf,NFO,79513,,,,,291.10,33.59,,1745209504,,,,,,,,,,,,2025-04-21 09:55:04.332
tf,NFO,79513,,,,,292.10,34.05,,1745209505,,,,,,,,,,,,2025-04-21 09:55:05.337
tf,NFO,79513,,,,,291.55,33.80,,1745209506,,,,259.13,7576950,,,291.20,291.85,,450,2025-04-21 09:55:06.138
tf,NFO,79513,,,,,291.00,33.55,,1745209506,,,,,,,,,,,,2025-04-21 09:55:06.342
tf,NFO,79513,,,,,292.70,34.33,,1745209507,,,,,,,,,,,,2025-04-21 09:55:07.403
tf,NFO,79513,,,,,,,,1745209508,,,,,7577925,,,292.20,292.75,150,75,2025-04-21 09:55:07.776
tf,NFO,79513,,,,,293.20,34.56,,1745209508,,,,,,,,,,,,2025-04-21 09:55:08.496
tf,NFO,79513,,,,,294.00,34.92,,1745209509,,,,259.14,7581075,,,292.10,,300,225,2025-04-21 09:55:09.260
tf,NFO,79513,,,,,293.40,34.65,,1745209510,,,,,,,,,,,,2025-04-21 09:55:10.338
tf,NFO,79513,,,,,293.25,34.58,,1745209511,,,,259.16,7584075,,,293.25,293.95,225,300,2025-04-21 09:55:11.074
tf,NFO,79513,,,,,295.10,35.43,,1745209511,,,,,,,,,,,,2025-04-21 09:55:11.346
tf,NFO,79513,,,,,293.60,34.74,,1745209512,,,,,,,,,,,,2025-04-21 09:55:12.529
tf,NFO,79513,,,,,294.05,34.95,,1745209513,,,,259.19,7591275,,,293.90,294.50,150,75,2025-04-21 09:55:12.730
tf,NFO,79513,,,,,294.00,34.92,,1745209513,,,,,,,,,,,,2025-04-21 09:55:13.358
tf,NFO,79513,,,,,294.25,35.04,,1745209514,,,,259.22,7597575,,,294.25,294.85,450,,2025-04-21 09:55:14.287
tf,NFO,79513,,,,,296.65,36.14,,1745209515,,,,,,,,,,,,2025-04-21 09:55:15.336
tf,NFO,79513,,,,,297.10,36.35,,1745209516,,,,259.26,7606500,,,296.40,297.10,375,150,2025-04-21 09:55:16.071
tf,NFO,79513,,,,,296.45,36.05,,1745209516,,,,,,,,,,,,2025-04-21 09:55:16.350
tf,NFO,79513,,,,,305.70,40.29,,1745209517,,,,,,,,,,,,2025-04-21 09:55:17.354
tf,NFO,79513,,,,,305.95,40.41,,1745209518,,306.85,,259.65,7675125,,,305.60,306.45,,,2025-04-21 09:55:17.677
tf,NFO,79513,,,,,306.80,40.80,,1745209518,,,,,,,,,,,,2025-04-21 09:55:18.434
tf,NFO,79513,,,,,305.75,40.32,,1745209519,,307.95,,259.72,7687200,,,306.15,306.95,450,75,2025-04-21 09:55:19.280
tf,NFO,79513,,,,,305.70,40.29,,1745209519,,,,,,,,,,,,2025-04-21 09:55:19.661
tf,NFO,79513,,,,,305.05,40.00,,1745209520,,,,,,,,,,,,2025-04-21 09:55:20.342
tf,NFO,79513,,,,,307.95,41.33,,1745209521,,308.10,,259.79,7698975,,,307.30,308.00,150,225,2025-04-21 09:55:21.079
tf,NFO,79513,,,,,308.10,41.40,,1745209521,,,,,,,,,,,,2025-04-21 09:55:21.340
tf,NFO,79513,,,,,309.15,41.88,,1745209522,,,,,,,,,,,,2025-04-21 09:55:22.343
tf,NFO,79513,,,,,310.00,42.27,,1745209523,,310.00,,259.86,7710450,,,310.35,311.35,225,,2025-04-21 09:55:22.706
tf,NFO,79513,,,,,310.30,42.40,,1745209523,,,,,,,,,,,,2025-04-21 09:55:23.547
tf,NFO,79513,,,,,309.80,42.18,,1745209524,,310.90,,259.96,7724700,,,310.00,310.85,75,375,2025-04-21 09:55:24.311
tf,NFO,79513,,,,,310.35,42.43,,1745209524,,,,,,,,,,,,2025-04-21 09:55:24.346
tf,NFO,79513,,,,,308.55,41.60,,1745209525,,,,,,,,,,,,2025-04-21 09:55:25.346
tf,NFO,79513,,,,,308.10,41.40,,1745209526,,,,260.03,7735725,,,308.10,308.85,525,225,2025-04-21 09:55:26.210
tf,NFO,79513,,,,,310.25,42.38,,1745209527,,,,,,,,,,,,2025-04-21 09:55:27.369
tf,NFO,79513,,,,,309.75,42.15,,1745209528,,311.55,,260.15,7755975,,,309.80,310.30,75,75,2025-04-21 09:55:27.703
tf,NFO,79513,,,,,310.05,42.29,,1745209528,,,,,,,,,,,,2025-04-21 09:55:28.350
tf,NFO,79513,,,,,309.50,42.04,,1745209529,,311.90,,260.22,7766550,,,309.50,310.00,375,,2025-04-21 09:55:29.313
tf,NFO,79513,,,,,308.75,41.69,,1745209530,,,,,,,,,,,,2025-04-21 09:55:30.387
tf,NFO,79513,,,,,309.85,42.20,,1745209531,,,,260.25,7771350,,,309.75,310.50,150,,2025-04-21 09:55:31.096
tf,NFO,79513,,,,,310.45,42.47,,1745209531,,,,,,,,,,,,2025-04-21 09:55:31.371
tf,NFO,79513,,,,,309.45,42.01,,1745209532,,,,,,,,,,,,2025-04-21 09:55:32.628
tf,NFO,79513,,,,,310.10,42.31,,1745209533,,,,260.27,7773675,,,309.55,310.25,225,,2025-04-21 09:55:32.866
tf,NFO,79513,,,,,310.65,42.57,,1745209533,,,,,,,,,,,,2025-04-21 09:55:33.353
tf,NFO,79513,,,,,309.25,41.92,,1745209534,,,,260.30,7778700,,,308.75,309.45,,,2025-04-21 09:55:34.334
tf,NFO,79513,,,,,307.40,41.07,,1745209535,,,,,,,,,,,,2025-04-21 09:55:35.360
tf,NFO,79513,,,,,306.75,40.78,,1745209536,,,,260.34,7785600,,,306.30,306.80,75,150,2025-04-21 09:55:36.105
tf,NFO,79513,,,,,306.30,40.57,,1745209536,,,,,,,,,,,,2025-04-21 09:55:36.353
tf,NFO,79513,,,,,308.60,41.62,,1745209537,,,,,,,,,,,,2025-04-21 09:55:37.551
tf,NFO,79513,,,,,,,,1745209538,,,,260.36,7787925,,,308.20,308.90,375,,2025-04-21 09:55:37.709
tf,NFO,79513,,,,,309.15,41.88,,1745209538,,,,,,,,,,,,2025-04-21 09:55:38.359
tf,NFO,79513,,,,,307.75,41.23,,1745209539,,,,260.41,7796325,,,307.80,308.45,450,75,2025-04-21 09:55:39.535
tf,NFO,79513,,,,,308.55,41.60,,1745209539,,,,,,,,,,,,2025-04-21 09:55:39.539
tf,NFO,79513,,,,,308.75,41.69,,1745209540,,,,,,,,,,,,2025-04-21 09:55:40.353
tf,NFO,79513,,,,,309.35,41.97,,1745209541,,,,260.43,7800525,,,309.05,309.20,375,450,2025-04-21 09:55:41.000
tf,NFO,79513,,,,,309.70,42.13,,1745209541,,,,,,,,,,,,2025-04-21 09:55:41.366
tf,NFO,79513,,,,,310.25,42.38,,1745209542,,,,,,,,,,,,2025-04-21 09:55:42.355
tf,NFO,79513,,,,,310.45,42.47,,1745209543,,,,260.47,7805325,,,309.80,310.40,300,75,2025-04-21 09:55:42.716
tf,NFO,79513,,,,,310.05,42.29,,1745209543,,,,,,,,,,,,2025-04-21 09:55:43.365
tf,NFO,79513,,,,,312.20,43.28,,1745209544,,312.30,,260.58,7823325,,,311.70,312.50,225,,2025-04-21 09:55:44.316
tf,NFO,79513,,,,,311.65,43.02,,1745209544,,,,,,,,,,,,2025-04-21 09:55:44.356
tf,NFO,79513,,,,,309.05,41.83,,1745209545,,,,,,,,,,,,2025-04-21 09:55:45.420
tf,NFO,79513,,,,,308.75,41.69,,1745209546,,,,260.63,7830900,,,307.75,308.50,150,525,2025-04-21 09:55:45.919
tf,NFO,79513,,,,,308.90,41.76,,1745209546,,,,,,,,,,,,2025-04-21 09:55:46.358
tf,NFO,79513,,,,,307.90,41.30,,1745209547,,,,,,,,,,,,2025-04-21 09:55:47.364
tf,NFO,79513,,,,,308.75,41.69,,1745209548,,,,260.65,7834650,,,308.85,309.40,300,375,2025-04-21 09:55:47.734
tf,NFO,79513,,,,,308.55,41.60,,1745209548,,,,,,,,,,,,2025-04-21 09:55:48.365
tf,NFO,79513,,,,,308.90,41.76,,1745209549,,,,260.67,7837425,,,308.50,309.20,525,75,2025-04-21 09:55:49.328
tf,NFO,79513,,,,,309.25,41.92,,1745209550,,,,,,,,,,,,2025-04-21 09:55:50.361
tf,NFO,79513,,,,,309.95,42.24,,1745209551,,,,260.68,7839000,,,309.35,310.00,150,375,2025-04-21 09:55:50.931
tf,NFO,79513,,,,,308.50,41.58,,1745209551,,,,,,,,,,,,2025-04-21 09:55:51.375
tf,NFO,79513,,,,,308.70,41.67,,1745209552,,,,,,,,,,,,2025-04-21 09:55:52.437
tf,NFO,79513,,,,,307.15,40.96,,1745209553,,,,260.71,7844100,,,306.15,306.80,75,150,2025-04-21 09:55:52.833
tf,NFO,79513,,,,,305.40,40.16,,1745209553,,,,,,,,,,,,2025-04-21 09:55:53.367
tf,NFO,79513,,,,,305.35,40.13,,1745209554,,,,260.73,7848450,,,304.45,305.15,225,,2025-04-21 09:55:54.336
tf,NFO,79513,,,,,306.10,40.48,,1745209555,,,,,,,,,,,,2025-04-21 09:55:55.380
tf,NFO,79513,,,,,305.70,40.29,,1745209556,,,,260.76,7852125,,,304.50,305.25,300,,2025-04-21 09:55:55.938
tf,NFO,79513,,,,,304.15,39.58,,1745209556,,,,,,,,,,,,2025-04-21 09:55:56.371
tf,NFO,79513,,,,,304.45,39.72,,1745209557,,,,,,,,,,,,2025-04-21 09:55:57.371
tf,NFO,79513,,,,,305.50,40.20,,1745209558,,,,,7853775,,,304.30,305.00,525,450,2025-04-21 09:55:57.736
tf,NFO,79513,,,,,302.45,38.80,,1745209558,,,,,,,,,,,,2025-04-21 09:55:58.614
tf,NFO,79513,,,,,299.60,37.49,,1745209559,,,,260.83,7866975,,,299.15,299.75,225,150,2025-04-21 09:55:59.389
tf,NFO,79513,,,,,297.05,36.32,,1745209560,,,,,,,,,,,,2025-04-21 09:56:00.368
tf,NFO,79513,,,,,298.85,37.15,,1745209561,,,,260.86,7871550,,,298.85,299.50,75,75,2025-04-21 09:56:00.942
tf,NFO,79513,,,,,299.80,37.59,,1745209561,,,,,,,,,,,,2025-04-21 09:56:01.369
tf,NFO,79513,,,,,298.85,37.15,,1745209562,,,,,,,,,,,,2025-04-21 09:56:02.566
tf,NFO,79513,,,,,,,,1745209563,,,,260.88,7876350,,,298.05,298.70,300,,2025-04-21 09:56:02.742
tf,NFO,79513,,,,,299.25,37.33,,1745209563,,,,,,,,,,,,2025-04-21 09:56:03.367
tf,NFO,79513,,,,,296.55,36.09,,1745209564,,,,260.90,7880250,,,296.40,297.00,150,225,2025-04-21 09:56:04.346
tf,NFO,79513,,,,,298.25,36.87,,1745209565,,,,,,,,,,,,2025-04-21 09:56:05.369
tf,NFO,79513,,,,,298.80,37.13,,1745209566,,,,260.99,7900350,,,297.70,298.40,450,75,2025-04-21 09:56:05.972
tf,NFO,79513,,,,,297.50,36.53,,1745209566,,,,,,,,,,,,2025-04-21 09:56:06.367
tf,NFO,79513,,,,,299.05,37.24,,1745209567,,,,,,,,,,,,2025-04-21 09:56:07.374
tf,NFO,79513,,,,,299.75,37.56,,1745209568,,,,261.02,7905825,,,299.05,299.75,300,,2025-04-21 09:56:07.749
tf,NFO,79513,,,,,301.35,38.30,,1745209568,,,,,,,,,,,,2025-04-21 09:56:08.372
tf,NFO,79513,,,,,301.90,38.55,,1745209569,,,,261.04,7909875,,,301.55,301.90,75,,2025-04-21 09:56:09.356
tf,NFO,79513,,,,,301.00,38.14,,1745209570,,,,,,,,,,,,2025-04-21 09:56:10.374
tf,NFO,79513,,,,,301.65,38.44,,1745209571,,,,261.06,7914225,,,301.00,301.65,150,150,2025-04-21 09:56:10.962
tf,NFO,79513,,,,,301.25,38.25,,1745209571,,,,,,,,,,,,2025-04-21 09:56:11.374
tf,NFO,79513,,,,,302.25,38.71,,1745209572,,,,,,,,,,,,2025-04-21 09:56:12.514
tf,NFO,79513,,,,,302.20,38.69,,1745209573,,,,261.08,7917150,,,301.45,302.05,225,225,2025-04-21 09:56:12.756
tf,NFO,79513,,,,,301.95,38.57,,1745209573,,,,,,,,,,,,2025-04-21 09:56:13.374
tf,NFO,79513,,,,,301.50,38.37,,1745209574,,,,261.09,7919100,,,301.95,302.65,150,300,2025-04-21 09:56:14.363
tf,NFO,79513,,,,,301.70,38.46,,1745209575,,,,,,,,,,,,2025-04-21 09:56:15.379
tf,NFO,79513,,,,,,,,1745209576,,,,261.20,7939950,,,301.35,302.00,300,75,2025-04-21 09:56:15.966
tf,NFO,79513,,,,,301.80,38.50,,1745209576,,,,,,,,,,,,2025-04-21 09:56:16.379
tf,NFO,79513,,,,,301.75,38.48,,1745209578,,,,261.21,7942350,,,301.90,302.70,225,450,2025-04-21 09:56:17.763
tf,NFO,79513,,,,,302.40,38.78,,1745209578,,,,,,,,,,,,2025-04-21 09:56:18.396
tf,NFO,79513,,,,,301.00,38.14,,1745209579,,,,261.22,7943850,,,300.00,300.60,375,375,2025-04-21 09:56:19.463
tf,NFO,79513,,,,,301.30,38.27,,1745209580,,,,,,,,,,,,2025-04-21 09:56:20.381
tf,NFO,79513,,,,,300.00,37.68,,1745209581,,,,,7944450,,,,300.65,300,150,2025-04-21 09:56:20.969
tf,NFO,79513,,,,,299.75,37.56,,1745209581,,,,,,,,,,,,2025-04-21 09:56:21.384
tf,NFO,79513,,,,,298.25,36.87,,1745209582,,,,,,,,,,,,2025-04-21 09:56:22.384
tf,NFO,79513,,,,,298.55,37.01,,1745209583,,,,261.23,7946550,,,298.65,299.25,375,75,2025-04-21 09:56:22.770
tf,NFO,79513,,,,,298.65,37.06,,1745209583,,,,,,,,,,,,2025-04-21 09:56:23.379
tf,NFO,79513,,,,,296.95,36.28,,1745209584,,,,,7947525,,,297.50,298.05,225,,2025-04-21 09:56:24.380
tf,NFO,79513,,,,,296.85,36.23,,1745209585,,,,,,,,,,,,2025-04-21 09:56:25.408
tf,NFO,79513,,,,,296.95,36.28,,1745209586,,,,261.24,7948125,,,297.15,297.75,150,150,2025-04-21 09:56:26.051
tf,NFO,79513,,,,,296.80,36.21,,1745209586,,,,,,,,,,,,2025-04-21 09:56:26.388
tf,NFO,79513,,,,,294.80,35.29,,1745209587,,,,,,,,,,,,2025-04-21 09:56:27.393
tf,NFO,79513,,,,,293.90,34.88,,1745209588,,,,261.27,7955700,,,294.05,294.40,75,75,2025-04-21 09:56:27.777
tf,NFO,79513,,,,,294.05,34.95,,1745209588,,,,,,,,,,,,2025-04-21 09:56:28.387
tf,NFO,79513,,,,,295.75,35.73,,1745209589,,,,261.29,7960125,,,296.30,296.95,150,,2025-04-21 09:56:29.391
tf,NFO,79513,,,,,296.70,36.16,,1745209590,,,,,,,,,,,,2025-04-21 09:56:30.389
tf,NFO,79513,,,,,296.75,36.19,,1745209591,,,,261.30,7962450,,,296.65,297.15,,,2025-04-21 09:56:30.984
tf,NFO,79513,,,,,297.15,36.37,,1745209591,,,,,,,,,,,,2025-04-21 09:56:31.387
tf,NFO,79513,,,,,299.10,37.26,,1745209592,,,,,,,,,,,,2025-04-21 09:56:32.391
tf,NFO,79513,,,,,299.40,37.40,,1745209593,,,,,7964325,,,298.85,299.40,75,225,2025-04-21 09:56:32.796
tf,NFO,79513,,,,,299.15,37.29,,1745209594,,,,,,,,,,,,2025-04-21 09:56:34.420
tf,NFO,79513,,,,,,,,1745209594,,,,261.31,7965375,,,298.70,299.15,,75,2025-04-21 09:56:34.423
tf,NFO,79513,,,,,299.55,37.47,,1745209595,,,,,,,,,,,,2025-04-21 09:56:35.399
tf,NFO,79513,,,,,300.40,37.86,,1745209596,,,,261.33,7969800,,,299.80,300.45,150,300,2025-04-21 09:56:35.998
tf,NFO,79513,,,,,300.60,37.95,,1745209596,,,,,,,,,,,,2025-04-21 09:56:36.584
tf,NFO,79513,,,,,300.35,37.84,,1745209597,,,,,,,,,,,,2025-04-21 09:56:37.392
tf,NFO,79513,,,,,300.30,37.82,,1745209597,,,,261.34,7971000,,,300.30,300.75,1425,75,2025-04-21 09:56:37.603
tf,NFO,79513,,,,,300.90,38.09,,1745209598,,,,,,,,,,,,2025-04-21 09:56:38.447
tf,NFO,79513,,,,,299.60,37.49,,1745209599,,,,,,,,,,,,2025-04-21 09:56:39.391
tf,NFO,79513,,,,,,,,1745209599,,,,261.36,7976100,,,299.25,299.80,150,225,2025-04-21 09:56:39.392
tf,NFO,79513,,,,,301.10,38.18,,1745209600,,,,,,,,,,,,2025-04-21 09:56:40.395
tf,NFO,79513,,,,,300.90,38.09,,1745209601,,,,261.37,7977150,,,300.30,300.90,675,75,2025-04-21 09:56:40.997
tf,NFO,79513,,,,,300.70,38.00,,1745209602,,,,261.38,7979925,,,300.20,300.65,75,450,2025-04-21 09:56:42.607
tf,NFO,79513,,,,,300.50,37.91,,1745209603,,,,,,,,,,,,2025-04-21 09:56:43.591
tf,NFO,79513,,,,,300.40,37.86,,1745209604,,,,,,,,,,,,2025-04-21 09:56:44.392
tf,NFO,79513,,,,,,,,1745209604,,,,261.39,7981500,,,300.65,301.35,375,,2025-04-21 09:56:44.400
tf,NFO,79513,,,,,301.25,38.25,,1745209605,,,,,,,,,,,,2025-04-21 09:56:45.477
tf,NFO,79513,,,,,301.10,38.18,,1745209606,,,,261.40,7983450,,,301.15,301.75,525,1350,2025-04-21 09:56:46.085
tf,NFO,79513,,,,,301.30,38.27,,1745209606,,,,,,,,,,,,2025-04-21 09:56:46.505
tf,NFO,79513,,,,,301.25,38.25,,1745209607,,,,,,,,,,,,2025-04-21 09:56:47.522
tf,NFO,79513,,,,,301.75,38.48,,1745209607,,,,261.41,7985700,,,301.40,302.00,75,225,2025-04-21 09:56:47.731
tf,NFO,79513,,,,,301.40,38.32,,1745209608,,,,,,,,,,,,2025-04-21 09:56:48.414
tf,NFO,79513,,,,,298.60,37.04,,1745209609,,,,261.44,7991925,,,298.50,299.20,,,2025-04-21 09:56:49.211
tf,NFO,79513,,,,,299.40,37.40,,1745209610,,,,,,,,,,,,2025-04-21 09:56:50.400
tf,NFO,79513,,,,,298.95,37.20,,1745209611,,,,261.46,7995675,,,299.10,299.85,150,600,2025-04-21 09:56:51.018
tf,NFO,79513,,,,,299.80,37.59,,1745209611,,,,,,,,,,,,2025-04-21 09:56:52.264
tf,NFO,79513,,,,,299.50,37.45,,1745209612,,,,,,,,,,,,2025-04-21 09:56:52.449
tf,NFO,79513,,,,,,,,1745209612,,,,261.47,7997400,,,299.65,300.20,,150,2025-04-21 09:56:52.676
tf,NFO,79513,,,,,300.05,37.70,,1745209613,,,,,,,,,,,,2025-04-21 09:56:53.397
tf,NFO,79513,,,,,299.95,37.65,,1745209614,,,,,7998075,,,299.40,299.90,75,225,2025-04-21 09:56:54.255
tf,NFO,79513,,,,,301.20,38.23,,1745209615,,,,,,,,,,,,2025-04-21 09:56:55.403
tf,NFO,79513,,,,,301.25,38.25,,1745209616,,,,261.49,8001375,,,300.95,301.55,,300,2025-04-21 09:56:56.019
tf,NFO,79513,,,,,301.30,38.27,,1745209617,,,,,,,,,,,,2025-04-21 09:56:57.409
tf,NFO,79513,,,,,,,,1745209617,,,,,8001675,,,301.00,301.70,450,225,2025-04-21 09:56:57.646
tf,NFO,79513,,,,,301.95,38.57,,1745209618,,,,,,,,,,,,2025-04-21 09:56:58.419
tf,NFO,79513,,,,,300.30,37.82,,1745209619,,,,261.51,8005200,,,300.70,301.45,375,,2025-04-21 09:56:59.266
tf,NFO,79513,,,,,302.45,38.80,,1745209620,,,,,,,,,,,,2025-04-21 09:57:00.408
tf,NFO,79513,,,,,302.55,38.85,,1745209621,,,,,8005425,,,302.20,302.50,825,75,2025-04-21 09:57:01.040
tf,NFO,79513,,,,,302.30,38.73,,1745209621,,,,,,,,,,,,2025-04-21 09:57:01.408
tf,NFO,79513,,,,,303.10,39.10,,1745209622,,,,,,,,,,,,2025-04-21 09:57:02.409
tf,NFO,79513,,,,,,,,1745209622,,,,,8006175,,,302.50,303.20,375,,2025-04-21 09:57:02.655
tf,NFO,79513,,,,,303.05,39.08,,1745209623,,,,,,,,,,,,2025-04-21 09:57:03.409
tf,NFO,79513,,,,,302.60,38.87,,1745209624,,,,261.53,8010675,,,301.45,302.00,150,,2025-04-21 09:57:04.262
tf,NFO,79513,,,,,301.95,38.57,,1745209624,,,,,,,,,,,,2025-04-21 09:57:04.409
tf,NFO,79513,,,,,301.40,38.32,,1745209625,,,,,,,,,,,,2025-04-21 09:57:05.411
tf,NFO,79513,,,,,301.80,38.50,,1745209626,,,,261.54,8011275,,,301.85,302.40,75,150,2025-04-21 09:57:06.035
tf,NFO,79513,,,,,302.20,38.69,,1745209627,,,,,,,,,,,,2025-04-21 09:57:07.412
tf,NFO,79513,,,,,,,,1745209628,,,,,8011500,,,301.55,302.10,,225,2025-04-21 09:57:07.651
tf,NFO,79513,,,,,302.00,38.60,,1745209629,,,,,8012700,,,302.00,302.20,225,375,2025-04-21 09:57:09.243
tf,NFO,79513,,,,,302.30,38.73,,1745209630,,,,,,,,,,,,2025-04-21 09:57:10.411
tf,NFO,79513,,,,,,,,1745209631,,,,261.58,8019150,,,302.25,302.90,150,150,2025-04-21 09:57:10.842
tf,NFO,79513,,,,,303.15,39.12,,1745209631,,,,,,,,,,,,2025-04-21 09:57:11.484
tf,NFO,79513,,,,,303.55,39.31,,1745209632,,,,,,,,,,,,2025-04-21 09:57:12.509
tf,NFO,79513,,,,,303.05,39.08,,1745209633,,,,,8019750,,,303.00,303.65,300,,2025-04-21 09:57:12.752
tf,NFO,79513,,,,,302.85,38.99,,1745209633,,,,,,,,,,,,2025-04-21 09:57:13.416
tf,NFO,79513,,,,,302.95,39.03,,1745209634,,,,,8020725,,,303.65,304.35,,75,2025-04-21 09:57:14.253
tf,NFO,79513,,,,,304.20,39.61,,1745209634,,,,,,,,,,,,2025-04-21 09:57:14.417
tf,NFO,79513,,,,,304.80,39.88,,1745209635,,,,,,,,,,,,2025-04-21 09:57:15.416
tf,NFO,79513,,,,,303.95,39.49,,1745209636,,,,261.59,8021700,,,302.85,303.55,375,450,2025-04-21 09:57:15.851
tf,NFO,79513,,,,,303.00,39.05,,1745209636,,,,,,,,,,,,2025-04-21 09:57:16.417
tf,NFO,79513,,,,,303.80,39.42,,1745209637,,,,,,,,,,,,2025-04-21 09:57:17.414
tf,NFO,79513,,,,,,,,1745209638,,,,261.62,8027925,,,302.55,303.20,,225,2025-04-21 09:57:17.659
tf,NFO,79513,,,,,303.35,39.22,,1745209639,,,,,,,,,,,,2025-04-21 09:57:18.883
tf,NFO,79513,,,,,302.70,38.92,,1745209639,,,,,8028075,,,302.25,302.80,75,1950,2025-04-21 09:57:19.291
tf,NFO,79513,,,,,303.40,39.24,,1745209639,,,,,,,,,,,,2025-04-21 09:57:19.473
tf,NFO,79513,,,,,,,,1745209641,,,,261.65,8034075,,,303.80,304.45,225,450,2025-04-21 09:57:20.939
tf,NFO,79513,,,,,304.00,39.51,,1745209641,,,,,,,,,,,,2025-04-21 09:57:21.106
tf,NFO,79513,,,,,304.25,39.63,,1745209641,,,,,,,,,,,,2025-04-21 09:57:21.516
tf,NFO,79513,,,,,303.45,39.26,,1745209642,,,,,,,,,,,,2025-04-21 09:57:22.415
tf,NFO,79513,,,,,,,,1745209643,,,,261.67,8036925,,,303.60,304.00,675,300,2025-04-21 09:57:22.660
tf,NFO,79513,,,,,304.15,39.58,,1745209643,,,,,,,,,,,,2025-04-21 09:57:23.414
tf,NFO,79513,,,,,303.55,39.31,,1745209644,,,,,8038125,,,303.70,304.35,225,225,2025-04-21 09:57:24.266
tf,NFO,79513,,,,,303.80,39.42,,1745209644,,,,,,,,,,,,2025-04-21 09:57:24.417
tf,NFO,79513,,,,,302.60,38.87,,1745209645,,,,,,,,,,,,2025-04-21 09:57:25.457
tf,NFO,79513,,,,,302.95,39.03,,1745209646,,,,261.72,8046525,,,302.15,302.80,450,75,2025-04-21 09:57:25.865
tf,NFO,79513,,,,,303.55,39.31,,1745209646,,,,,,,,,,,,2025-04-21 09:57:26.468
tf,NFO,79513,,,,,304.85,39.90,,1745209647,,,,,,,,,,,,2025-04-21 09:57:27.422
tf,NFO,79513,,,,,304.80,39.88,,1745209647,,,,,8047425,,,304.15,304.85,675,525,2025-04-21 09:57:27.471
tf,NFO,79513,,,,,304.35,39.67,,1745209648,,,,,,,,,,,,2025-04-21 09:57:28.425
tf,NFO,79513,,,,,304.05,39.54,,1745209649,,,,261.77,8055975,,,303.55,304.15,375,150,2025-04-21 09:57:29.273
tf,NFO,79513,,,,,303.45,39.26,,1745209650,,,,,,,,,,,,2025-04-21 09:57:30.427
tf,NFO,79513,,,,,,,,1745209651,,,,,8056950,,,304.00,304.65,525,300,2025-04-21 09:57:30.876
tf,NFO,79513,,,,,304.45,39.72,,1745209651,,,,,,,,,,,,2025-04-21 09:57:31.423
tf,NFO,79513,,,,,303.40,39.24,,1745209652,,,,,,,,,,,,2025-04-21 09:57:32.426
tf,NFO,79513,,,,,,,,1745209652,,,,261.78,8058075,,,303.25,304.00,225,225,2025-04-21 09:57:32.589
tf,NFO,79513,,,,,303.95,39.49,,1745209653,,,,,,,,,,,,2025-04-21 09:57:33.426
tf,NFO,79513,,,,,303.50,39.28,,1745209654,,,,,8058900,,,,303.90,300,525,2025-04-21 09:57:34.275
tf,NFO,79513,,,,,303.65,39.35,,1745209655,,,,,,,,,,,,2025-04-21 09:57:35.432
tf,NFO,79513,,,,,303.95,39.49,,1745209656,,,,261.79,8060325,,,303.50,304.00,375,225,2025-04-21 09:57:35.881
tf,NFO,79513,,,,,303.90,39.47,,1745209656,,,,,,,,,,,,2025-04-21 09:57:36.440
tf,NFO,79513,,,,,302.55,38.85,,1745209657,,,,,,,,,,,,2025-04-21 09:57:37.430
tf,NFO,79513,,,,,,,,1745209657,,,,261.80,8062575,,,303.45,304.05,75,,2025-04-21 09:57:37.485
tf,NFO,79513,,,,,305.00,39.97,,1745209658,,,,,,3254775,,,,,,2025-04-21 09:57:38.441
tf,NFO,79513,,,,,303.70,39.38,,1745209659,,,,261.86,8074050,,,304.15,304.80,,600,2025-04-21 09:57:39.170
tf,NFO,79513,,,,,304.65,39.81,,1745209660,,,,,,,,,,,,2025-04-21 09:57:40.437
tf,NFO,79513,,,,,,,,1745209661,,,,261.88,8077575,,,303.85,304.50,150,450,2025-04-21 09:57:40.893
tf,NFO,79513,,,,,305.45,40.18,,1745209662,,,,,,,,,,,,2025-04-21 09:57:42.233
tf,NFO,79513,,,,,305.40,40.16,,1745209662,,,,,8077875,,,305.30,306.00,450,2775,2025-04-21 09:57:42.524
tf,NFO,79513,,,,,305.25,40.09,,1745209662,,,,,,,,,,,,2025-04-21 09:57:42.634
tf,NFO,79513,,,,,305.95,40.41,,1745209663,,,,,,,,,,,,2025-04-21 09:57:43.431
tf,NFO,79513,,,,,305.20,40.06,,1745209664,,,,261.90,8080275,,,305.15,305.85,750,300,2025-04-21 09:57:44.123
tf,NFO,79513,,,,,305.95,40.41,,1745209664,,,,,,,,,,,,2025-04-21 09:57:44.544
tf,NFO,79513,,,,,305.80,40.34,,1745209665,,,,,,,,,,,,2025-04-21 09:57:45.537
tf,NFO,79513,,,,,306.40,40.61,,1745209666,,,,261.94,8088450,,,306.60,307.00,150,900,2025-04-21 09:57:45.933
tf,NFO,79513,,,,,307.35,41.05,,1745209666,,,,,,,,,,,,2025-04-21 09:57:46.435
tf,NFO,79513,,,,,308.00,41.35,,1745209667,,,,,,,,,,,,2025-04-21 09:57:47.438
tf,NFO,79513,,,,,,,,1745209667,,,,261.96,8091750,,,307.35,308.00,675,75,2025-04-21 09:57:47.503
tf,NFO,79513,,,,,305.55,40.22,,1745209668,,,,,,,,,,,,2025-04-21 09:57:48.462
tf,NFO,79513,,,,,303.45,39.26,,1745209669,,,,262.11,8121450,,,302.95,303.60,75,300,2025-04-21 09:57:49.127
tf,NFO,79513,,,,,302.95,39.03,,1745209669,,,,,,,,,,,,2025-04-21 09:57:49.445
tf,NFO,79513,,,,,303.60,39.33,,1745209670,,,,,,,,,,,,2025-04-21 09:57:50.434
tf,NFO,79513,,,,,303.55,39.31,,1745209671,,,,262.12,8123400,,,302.80,303.50,150,600,2025-04-21 09:57:50.906
tf,NFO,79513,,,,,301.90,38.55,,1745209671,,,,,,,,,,,,2025-04-21 09:57:51.444
tf,NFO,79513,,,,,302.10,38.64,,1745209672,,,,,,,,,,,,2025-04-21 09:57:52.447
tf,NFO,79513,,,,,,,,1745209672,,,,262.13,8125575,,,302.00,302.65,225,150,2025-04-21 09:57:52.510
tf,NFO,79513,,,,,300.65,37.98,,1745209673,,,,,,,,,,,,2025-04-21 09:57:53.503
tf,NFO,79513,,,,,300.40,37.86,,1745209674,,,,262.15,8129400,,,300.75,301.40,75,600,2025-04-21 09:57:54.405
tf,NFO,79513,,,,,301.20,38.23,,1745209674,,,,,,,,,,,,2025-04-21 09:57:54.609
tf,NFO,79513,,,,,300.35,37.84,,1745209675,,,,,,,,,,,,2025-04-21 09:57:55.447
tf,NFO,79513,,,,,301.50,38.37,,1745209676,,,,262.17,8132400,,,301.45,302.05,150,225,2025-04-21 09:57:55.910
tf,NFO,79513,,,,,300.90,38.09,,1745209676,,,,,,,,,,,,2025-04-21 09:57:56.450
tf,NFO,79513,,,,,298.95,37.20,,1745209677,,,,,,,,,,,,2025-04-21 09:57:57.443
tf,NFO,79513,,,,,,,,1745209677,,,,262.20,8139000,,,298.35,299.05,75,450,2025-04-21 09:57:57.548
tf,NFO,79513,,,,,298.20,36.85,,1745209678,,,,,,,,,,,,2025-04-21 09:57:58.489
tf,NFO,79513,,,,,298.25,36.87,,1745209679,,,,,8139300,,,298.60,299.20,,225,2025-04-21 09:57:59.300
tf,NFO,79513,,,,,300.05,37.70,,1745209679,,,,,,,,,,,,2025-04-21 09:57:59.441
tf,NFO,79513,,,,,302.10,38.64,,1745209680,,,,,,,,,,,,2025-04-21 09:58:00.452
tf,NFO,79513,,,,,,,,1745209681,,,,262.23,8146125,,,301.50,302.10,,150,2025-04-21 09:58:00.928
tf,NFO,79513,,,,,302.50,38.83,,1745209681,,,,,,,,,,,,2025-04-21 09:58:01.442
tf,NFO,79513,,,,,302.25,38.71,,1745209682,,,,,,,,,,,,2025-04-21 09:58:02.444
tf,NFO,79513,,,,,,,,1745209682,,,,262.25,8149650,,,301.65,302.25,150,750,2025-04-21 09:58:02.556
tf,NFO,79513,,,,,301.80,38.50,,1745209683,,,,,,,,,,,,2025-04-21 09:58:03.452
tf,NFO,79513,,,,,303.00,39.05,,1745209684,,,,262.29,8159100,,,303.15,303.80,225,150,2025-04-21 09:58:04.143
tf,NFO,79513,,,,,302.60,38.87,,1745209685,,,,,,,,,,,,2025-04-21 09:58:05.851
tf,NFO,79513,,,,,302.50,38.83,,1745209686,,,,262.30,8159625,,,301.90,302.55,150,675,2025-04-21 09:58:06.009
tf,NFO,79513,,,,,302.90,39.01,,1745209686,,,,,,,,,,,,2025-04-21 09:58:06.447
tf,NFO,79513,,,,,303.00,39.05,,1745209687,,,,,,,,,,,,2025-04-21 09:58:07.447
tf,NFO,79513,,,,,,,,1745209687,,,,,8161575,,,302.65,303.00,600,150,2025-04-21 09:58:07.565
tf,NFO,79513,,,,,303.65,39.35,,1745209688,,,,,,,,,,,,2025-04-21 09:58:08.461
tf,NFO,79513,,,,,303.95,39.49,,1745209689,,,,262.31,8162250,,,304.15,304.75,75,75,2025-04-21 09:58:09.138
tf,NFO,79513,,,,,304.35,39.67,,1745209690,,,,,,,,,,,,2025-04-21 09:58:10.489
tf,NFO,79513,,,,,306.65,40.73,,1745209691,,,,,8163300,,,306.70,307.00,300,,2025-04-21 09:58:10.936
tf,NFO,79513,,,,,306.30,40.57,,1745209691,,,,,,,,,,,,2025-04-21 09:58:11.460
tf,NFO,79513,,,,,306.70,40.75,,1745209692,,,,,,,,,,,,2025-04-21 09:58:12.534
tf,NFO,79513,,,,,306.50,40.66,,1745209692,,,,262.35,8170125,,,305.70,306.40,375,150,2025-04-21 09:58:12.590
tf,NFO,79513,,,,,306.10,40.48,,1745209693,,,,,,,,,,,,2025-04-21 09:58:13.460
tf,NFO,79513,,,,,306.30,40.57,,1745209694,,,,,8170875,,,306.55,307.20,75,300,2025-04-21 09:58:14.170
tf,NFO,79513,,,,,306.55,40.68,,1745209694,,,,,,,,,,,,2025-04-21 09:58:14.448
tf,NFO,79513,,,,,307.10,40.94,,1745209695,,,,,,,,,,,,2025-04-21 09:58:15.471
tf,NFO,79513,,,,,306.85,40.82,,1745209696,,,,262.39,8178000,,,305.70,306.35,,225,2025-04-21 09:58:15.945
tf,NFO,79513,,,,,306.25,40.55,,1745209696,,,,,,,,,,,,2025-04-21 09:58:16.450
tf,NFO,79513,,,,,306.30,40.57,,1745209697,,,,,,,,,,,,2025-04-21 09:58:18.299
tf,NFO,79513,,,,,,,,1745209697,,,,262.40,8178525,,,305.75,306.40,,150,2025-04-21 09:58:18.309
tf,NFO,79513,,,,,305.85,40.36,,1745209698,,,,,,,,,,,,2025-04-21 09:58:18.472
tf,NFO,79513,,,,,306.40,40.61,,1745209699,,,,,8179200,,,305.35,305.95,225,600,2025-04-21 09:58:19.272
tf,NFO,79513,,,,,305.90,40.39,,1745209700,,,,,,,,,,,,2025-04-21 09:58:20.451
tf,NFO,79513,,,,,304.80,39.88,,1745209701,,,,262.44,8186775,,,304.85,305.45,150,225,2025-04-21 09:58:20.954
tf,NFO,79513,,,,,304.05,39.54,,1745209701,,,,,,,,,,,,2025-04-21 09:58:21.456
tf,NFO,79513,,,,,306.45,40.64,,1745209702,,,,,,,,,,,,2025-04-21 09:58:22.462
tf,NFO,79513,,,,,,,,1745209702,,,,262.45,8189325,,,304.65,305.00,75,300,2025-04-21 09:58:22.560
tf,NFO,79513,,,,,304.60,39.79,,1745209703,,,,,,,,,,,,2025-04-21 09:58:23.457
tf,NFO,79513,,,,,305.00,39.97,,1745209704,,,,262.46,8190900,,,304.85,305.55,,225,2025-04-21 09:58:24.172
tf,NFO,79513,,,,,304.85,39.90,,1745209704,,,,,,,,,,,,2025-04-21 09:58:24.584
