t,e,tk,ts,pp,ls,ti,lp,pc,c,ft,o,h,l,ap,v,oi,poi,bp1,sp1,bq1,sq1,received_timestamp
tk,NFO,79515,NIFTY24APR25C23850,2,75,0.05,253.15,33.13,190.15,1745209404,220.00,267.50,190.70,224.79,5416650,985575,1005600,253.65,254.25,300,450,2025-04-21 09:53:24.018
tf,NFO,79515,,,,,252.70,32.90,,1745209405,,,,224.80,5419050,,,252.00,252.50,225,75,2025-04-21 09:53:24.640
tf,NFO,79515,,,,,251.70,32.37,,1745209405,,,,,,,,,,,,2025-04-21 09:53:24.927
tf,NFO,79515,,,,,250.85,31.92,,1745209406,,,,,,,,,,,,2025-04-21 09:53:26.044
tf,NFO,79515,,,,,250.55,31.76,,1745209406,,,,,5419950,,,250.40,250.95,600,150,2025-04-21 09:53:26.444
tf,NFO,79515,,,,,251.30,32.16,,1745209407,,,,,,,,,,,,2025-04-21 09:53:27.029
tf,NFO,79515,,,,,249.90,31.42,,1745209408,,,,,,,,,,,,2025-04-21 09:53:28.038
tf,NFO,79515,,,,,249.50,31.21,,1745209408,,,,224.82,5423175,,,249.40,249.90,525,2100,2025-04-21 09:53:28.067
tf,NFO,79515,,,,,249.75,31.34,,1745209409,,,,,,,,,,,,2025-04-21 09:53:28.923
tf,NFO,79515,,,,,249.65,31.29,,1745209410,,,,224.83,5425650,,,249.60,250.20,825,450,2025-04-21 09:53:29.646
tf,NFO,79515,,,,,249.35,31.13,,1745209410,,,,,,,,,,,,2025-04-21 09:53:29.936
tf,NFO,79515,,,,,250.50,31.74,,1745209411,,,,,,,,,,,,2025-04-21 09:53:30.927
tf,NFO,79515,,,,,,,,1745209411,,,,224.84,5427150,,,250.65,251.20,,375,2025-04-21 09:53:31.251
tf,NFO,79515,,,,,251.25,32.13,,1745209412,,,,,,,,,,,,2025-04-21 09:53:31.930
tf,NFO,79515,,,,,250.00,31.48,,1745209413,,,,,,,,,,,,2025-04-21 09:53:32.986
tf,NFO,79515,,,,,,,,1745209413,,,,,5427900,,,249.25,249.80,225,,2025-04-21 09:53:33.080
tf,NFO,79515,,,,,249.70,31.32,,1745209414,,,,,,,,,,,,2025-04-21 09:53:33.978
tf,NFO,79515,,,,,251.10,32.05,,1745209415,,,,,5428350,,,250.80,251.30,75,150,2025-04-21 09:53:34.648
tf,NFO,79515,,,,,250.90,31.95,,1745209415,,,,,,,,,,,,2025-04-21 09:53:34.935
tf,NFO,79515,,,,,250.65,31.82,,1745209416,,,,,,,,,,,,2025-04-21 09:53:35.937
tf,NFO,79515,,,,,250.90,31.95,,1745209416,,,,224.85,5429250,,,250.30,250.85,450,750,2025-04-21 09:53:36.255
tf,NFO,79515,,,,,250.95,31.97,,1745209417,,,,,,,,,,,,2025-04-21 09:53:36.932
tf,NFO,79515,,,,,250.65,31.82,,1745209418,,,,,,,,,,,,2025-04-21 09:53:37.949
tf,NFO,79515,,,,,,,,1745209418,,,,,5430375,,,251.00,251.45,75,225,2025-04-21 09:53:38.051
tf,NFO,79515,,,,,251.85,32.45,,1745209419,,,,,,,,,,,,2025-04-21 09:53:38.941
tf,NFO,79515,,,,,,,,1745209420,,,,224.86,5431650,,,252.00,252.55,300,75,2025-04-21 09:53:39.954
tf,NFO,79515,,,,,251.90,32.47,,1745209420,,,,,,,,,,,,2025-04-21 09:53:40.153
tf,NFO,79515,,,,,253.05,33.08,,1745209421,,,,,,,,,,,,2025-04-21 09:53:40.937
tf,NFO,79515,,,,,254.00,33.58,,1745209421,,,,,5433000,,,253.75,254.30,,225,2025-04-21 09:53:41.264
tf,NFO,79515,,,,,253.85,33.50,,1745209422,,,,,,,,,,,,2025-04-21 09:53:41.936
tf,NFO,79515,,,,,253.00,33.05,,1745209423,,,,,,,,,,,,2025-04-21 09:53:42.955
tf,NFO,79515,,,,,,,,1745209423,,,,224.88,5435700,,,251.70,252.30,150,75,2025-04-21 09:53:43.057
tf,NFO,79515,,,,,251.00,32.00,,1745209424,,,,,,,,,,,,2025-04-21 09:53:43.937
tf,NFO,79515,,,,,253.10,33.11,,1745209425,,,,,5436450,,,252.60,253.20,525,525,2025-04-21 09:53:44.672
tf,NFO,79515,,,,,252.50,32.79,,1745209425,,,,,,,,,,,,2025-04-21 09:53:44.943
tf,NFO,79515,,,,,250.80,31.90,,1745209426,,,,,,,,,,,,2025-04-21 09:53:46.015
tf,NFO,79515,,,,,,,,1745209426,,,,224.89,5437050,,,251.20,251.80,450,750,2025-04-21 09:53:46.330
tf,NFO,79515,,,,,251.10,32.05,,1745209427,,,,,,,,,,,,2025-04-21 09:53:46.943
tf,NFO,79515,,,,,,,,1745209428,,,,,5437275,,,251.60,252.15,150,600,2025-04-21 09:53:48.067
tf,NFO,79515,,,,,251.75,32.40,,1745209428,,,,,,,,,,,,2025-04-21 09:53:48.144
tf,NFO,79515,,,,,,,,1745209430,,,,,5437350,,,252.35,252.90,225,825,2025-04-21 09:53:49.667
tf,NFO,79515,,,,,252.60,32.84,,1745209430,,,,,,,,,,,,2025-04-21 09:53:49.741
tf,NFO,79515,,,,,252.55,32.82,,1745209431,,,,,5437500,,,251.90,252.45,525,75,2025-04-21 09:53:51.279
tf,NFO,79515,,,,,252.90,33.00,,1745209432,,,,,,,,,,,,2025-04-21 09:53:51.953
tf,NFO,79515,,,,,,,,1745209433,,,,,5437800,,,251.10,251.65,300,600,2025-04-21 09:53:53.071
tf,NFO,79515,,,,,252.50,32.79,,1745209433,,,,,,,,,,,,2025-04-21 09:53:53.428
tf,NFO,79515,,,,,252.00,32.53,,1745209434,,,,,,,,,,,,2025-04-21 09:53:53.969
tf,NFO,79515,,,,,251.25,32.13,,1745209435,,,,,5438325,,,251.05,251.60,,450,2025-04-21 09:53:54.698
tf,NFO,79515,,,,,251.40,32.21,,1745209435,,,,,,,,,,,,2025-04-21 09:53:55.039
tf,NFO,79515,,,,,251.65,32.34,,1745209436,,,,,,,,,,,,2025-04-21 09:53:55.946
tf,NFO,79515,,,,,,,,1745209436,,,,224.90,5439900,,,252.10,252.60,225,75,2025-04-21 09:53:56.287
tf,NFO,79515,,,,,251.45,32.24,,1745209437,,,,,,,,,,,,2025-04-21 09:53:56.947
tf,NFO,79515,,,,,250.50,31.74,,1745209438,,,,,,,,,,,,2025-04-21 09:53:57.949
tf,NFO,79515,,,,,,,,1745209438,,,,,5440575,,,251.35,251.90,300,750,2025-04-21 09:53:58.082
tf,NFO,79515,,,,,250.65,31.82,,1745209439,,,,,,,,,,,,2025-04-21 09:53:58.979
tf,NFO,79515,,,,,252.60,32.84,,1745209440,,,,224.91,5441775,,,252.80,253.00,75,225,2025-04-21 09:53:59.791
tf,NFO,79515,,,,,252.65,32.87,,1745209440,,,,,,,,,,,,2025-04-21 09:53:59.988
tf,NFO,79515,,,,,251.55,32.29,,1745209441,,,,,5442600,,,251.15,251.70,300,,2025-04-21 09:54:01.295
tf,NFO,79515,,,,,252.05,32.55,,1745209442,,,,,,,,,,,,2025-04-21 09:54:02.029
tf,NFO,79515,,,,,252.15,32.61,,1745209443,,,,,,,,,,,,2025-04-21 09:54:02.947
tf,NFO,79515,,,,,,,,1745209443,,,,224.92,5444400,,,252.15,252.70,150,675,2025-04-21 09:54:03.092
tf,NFO,79515,,,,,252.05,32.55,,1745209444,,,,,,,,,,,,2025-04-21 09:54:03.964
tf,NFO,79515,,,,,,,,1745209445,,,,,5444550,,,250.85,251.45,,150,2025-04-21 09:54:04.705
tf,NFO,79515,,,,,250.80,31.90,,1745209445,,,,,,,,,,,,2025-04-21 09:54:05.352
tf,NFO,79515,,,,,250.45,31.71,,1745209446,,,,,,,,,,,,2025-04-21 09:54:05.957
tf,NFO,79515,,,,,,,,1745209446,,,,,5444850,,,250.00,250.20,450,75,2025-04-21 09:54:06.348
tf,NFO,79515,,,,,249.90,31.42,,1745209447,,,,,,,,,,,,2025-04-21 09:54:06.951
tf,NFO,79515,,,,,251.70,32.37,,1745209448,,,,,,,,,,,,2025-04-21 09:54:07.950
tf,NFO,79515,,,,,251.60,32.32,,1745209448,,,,224.93,5447175,,,251.95,252.50,225,450,2025-04-21 09:54:08.093
tf,NFO,79515,,,,,251.20,32.11,,1745209450,,,,224.94,5447850,,,250.95,251.60,375,,2025-04-21 09:54:09.703
tf,NFO,79515,,,,,,,,1745209451,,,,,,,,250.50,251.15,300,525,2025-04-21 09:54:11.302
tf,NFO,79515,,,,,250.95,31.97,,1745209452,,,,,,,,,,,,2025-04-21 09:54:11.752
tf,NFO,79515,,,,,250.00,31.48,,1745209453,,,,,,,,,,,,2025-04-21 09:54:12.979
tf,NFO,79515,,,,,,,,1745209453,,,,224.95,5449725,,,249.60,250.15,150,150,2025-04-21 09:54:13.137
tf,NFO,79515,,,,,249.95,31.45,,1745209455,,,,,5449875,,,250.30,250.85,,225,2025-04-21 09:54:14.718
tf,NFO,79515,,,,,249.90,31.42,,1745209455,,,,,,,,,,,,2025-04-21 09:54:15.058
tf,NFO,79515,,,,,250.25,31.61,,1745209456,,,,,,,,,,,,2025-04-21 09:54:15.959
tf,NFO,79515,,,,,251.90,32.47,,1745209456,,,,,5450475,,,251.40,251.95,450,300,2025-04-21 09:54:16.338
tf,NFO,79515,,,,,252.25,32.66,,1745209457,,,,,,,,,,,,2025-04-21 09:54:17.044
tf,NFO,79515,,,,,251.75,32.40,,1745209458,,,,,,,,,,,,2025-04-21 09:54:17.955
tf,NFO,79515,,,,,,,,1745209458,,,,224.96,5451900,,,251.70,252.25,75,150,2025-04-21 09:54:18.124
tf,NFO,79515,,,,,251.95,32.50,,1745209459,,,,,,,,,,,,2025-04-21 09:54:19.118
tf,NFO,79515,,,,,254.10,33.63,,1745209460,,,,224.97,5454675,,,254.20,254.75,450,225,2025-04-21 09:54:20.119
tf,NFO,79515,,,,,252.90,33.00,,1745209461,,,,,,,,,,,,2025-04-21 09:54:21.036
tf,NFO,79515,,,,,,,,1745209461,,,,,5455200,,,254.00,254.65,150,375,2025-04-21 09:54:21.411
tf,NFO,79515,,,,,254.55,33.87,,1745209462,,,,,,,,,,,,2025-04-21 09:54:21.958
tf,NFO,79515,,,,,253.55,33.34,,1745209463,,,,,,,,,,,,2025-04-21 09:54:22.986
tf,NFO,79515,,,,,,,,1745209463,,,,225.00,5459775,,,253.65,254.30,375,,2025-04-21 09:54:23.188
tf,NFO,79515,,,,,255.00,34.10,,1745209464,,,,,,,,,,,,2025-04-21 09:54:24.033
tf,NFO,79515,,,,,,,,1745209465,,,,,5460375,,,253.80,254.40,75,1200,2025-04-21 09:54:24.759
tf,NFO,79515,,,,,254.35,33.76,,1745209465,,,,,,,,,,,,2025-04-21 09:54:24.963
tf,NFO,79515,,,,,253.30,33.21,,1745209466,,,,,,,,,,,,2025-04-21 09:54:26.037
tf,NFO,79515,,,,,253.90,33.53,,1745209466,,,,225.02,5463750,,,253.50,254.00,,75,2025-04-21 09:54:26.616
tf,NFO,79515,,,,,254.20,33.68,,1745209467,,,,,,,,,,,,2025-04-21 09:54:26.966
tf,NFO,79515,,,,,254.70,33.95,,1745209468,,,,,,,,,,,,2025-04-21 09:54:27.961
tf,NFO,79515,,,,,253.10,33.11,,1745209468,,,,,5464575,,,252.95,253.50,150,750,2025-04-21 09:54:28.141
tf,NFO,79515,,,,,254.35,33.76,,1745209470,,,,225.03,5464725,,,254.15,254.70,375,375,2025-04-21 09:54:29.731
tf,NFO,79515,,,,,253.65,33.39,,1745209470,,,,,,,,,,,,2025-04-21 09:54:30.036
tf,NFO,79515,,,,,254.10,33.63,,1745209471,,,,,,,,,,,,2025-04-21 09:54:30.964
tf,NFO,79515,,,,,,,,1745209471,,,,,5465475,,,253.20,253.80,450,600,2025-04-21 09:54:31.342
tf,NFO,79515,,,,,252.95,33.03,,1745209473,,,,,,,,,,,,2025-04-21 09:54:32.971
tf,NFO,79515,,,,,251.80,32.42,,1745209473,,,,,5466375,,,251.85,252.35,225,150,2025-04-21 09:54:33.210
tf,NFO,79515,,,,,252.35,32.71,,1745209474,,,,,,,,,,,,2025-04-21 09:54:34.050
tf,NFO,79515,,,,,253.40,33.26,,1745209475,,,,225.04,5468325,,,253.25,253.85,300,375,2025-04-21 09:54:34.815
tf,NFO,79515,,,,,252.55,32.82,,1745209476,,,,,,,,,,,,2025-04-21 09:54:35.968
tf,NFO,79515,,,,,254.35,33.76,,1745209476,,,,225.05,5469450,,,253.75,254.30,375,450,2025-04-21 09:54:36.344
tf,NFO,79515,,,,,254.60,33.89,,1745209477,,,,,,,,,,,,2025-04-21 09:54:36.978
tf,NFO,79515,,,,,253.40,33.26,,1745209478,,,,,,978600,,,,,,2025-04-21 09:54:37.978
tf,NFO,79515,,,,,253.70,33.42,,1745209478,,,,225.06,5471325,,,253.30,253.75,75,,2025-04-21 09:54:38.136
tf,NFO,79515,,,,,253.90,33.53,,1745209479,,,,,,,,,,,,2025-04-21 09:54:39.057
tf,NFO,79515,,,,,254.35,33.76,,1745209480,,,,225.07,5472450,,,253.85,254.40,525,300,2025-04-21 09:54:39.747
tf,NFO,79515,,,,,254.70,33.95,,1745209481,,,,,,,,,,,,2025-04-21 09:54:40.974
tf,NFO,79515,,,,,254.00,33.58,,1745209481,,,,225.08,5474550,,,254.40,254.95,450,600,2025-04-21 09:54:41.350
tf,NFO,79515,,,,,254.35,33.76,,1745209482,,,,,,,,,,,,2025-04-21 09:54:41.976
tf,NFO,79515,,,,,255.15,34.18,,1745209483,,,,,,,,,,,,2025-04-21 09:54:42.974
tf,NFO,79515,,,,,254.25,33.71,,1745209483,,,,225.10,5478150,,,254.05,254.60,300,450,2025-04-21 09:54:43.148
tf,NFO,79515,,,,,253.20,33.16,,1745209484,,,,,,,,,,,,2025-04-21 09:54:43.980
tf,NFO,79515,,,,,254.20,33.68,,1745209485,,,,225.11,5481000,,,254.10,254.65,675,75,2025-04-21 09:54:44.753
tf,NFO,79515,,,,,254.70,33.95,,1745209485,,,,,,,,,,,,2025-04-21 09:54:44.974
tf,NFO,79515,,,,,254.90,34.05,,1745209486,,,,,,,,,,,,2025-04-21 09:54:46.063
tf,NFO,79515,,,,,254.30,33.74,,1745209486,,,,,5481300,,,254.25,254.80,150,225,2025-04-21 09:54:46.512
tf,NFO,79515,,,,,253.65,33.39,,1745209487,,,,,,,,,,,,2025-04-21 09:54:47.005
tf,NFO,79515,,,,,254.70,33.95,,1745209488,,,,,,,,,,,,2025-04-21 09:54:47.977
tf,NFO,79515,,,,,255.00,34.10,,1745209488,,,,225.12,5482200,,,254.60,255.20,525,150,2025-04-21 09:54:48.153
tf,NFO,79515,,,,,254.70,33.95,,1745209489,,,,,,,,,,,,2025-04-21 09:54:48.980
tf,NFO,79515,,,,,254.75,33.97,,1745209490,,,,,5482800,,,,255.10,225,75,2025-04-21 09:54:49.769
tf,NFO,79515,,,,,255.05,34.13,,1745209491,,,,,,,,,,,,2025-04-21 09:54:50.988
tf,NFO,79515,,,,,254.35,33.76,,1745209491,,,,225.13,5483700,,,253.85,254.40,150,225,2025-04-21 09:54:51.369
tf,NFO,79515,,,,,254.45,33.82,,1745209492,,,,,,,,,,,,2025-04-21 09:54:52.032
tf,NFO,79515,,,,,256.00,34.63,,1745209493,,,,,,,,,,,,2025-04-21 09:54:53.033
tf,NFO,79515,,,,,,,,1745209493,,,,,5484300,,,255.60,256.15,375,150,2025-04-21 09:54:53.235
tf,NFO,79515,,,,,256.50,34.89,,1745209494,,,,,,,,,,,,2025-04-21 09:54:54.000
tf,NFO,79515,,,,,256.45,34.87,,1745209495,,,,,5485275,,,256.45,257.10,,750,2025-04-21 09:54:54.791
tf,NFO,79515,,,,,257.45,35.39,,1745209495,,,,,,,,,,,,2025-04-21 09:54:54.988
tf,NFO,79515,,,,,255.95,34.60,,1745209496,,,,,,,,,,,,2025-04-21 09:54:55.996
tf,NFO,79515,,,,,256.35,34.81,,1745209496,,,,225.16,5489250,,,255.95,256.45,150,75,2025-04-21 09:54:56.367
tf,NFO,79515,,,,,256.30,34.79,,1745209497,,,,,,,,,,,,2025-04-21 09:54:56.991
tf,NFO,79515,,,,,255.75,34.50,,1745209498,,,,,,,,,,,,2025-04-21 09:54:58.097
tf,NFO,79515,,,,,256.60,34.95,,1745209498,,,,225.22,5500425,,,256.15,256.65,75,,2025-04-21 09:54:58.218
tf,NFO,79515,,,,,256.55,34.92,,1745209499,,,,,,,,,,,,2025-04-21 09:54:59.110
tf,NFO,79515,,,,,257.75,35.55,,1745209500,,,,225.23,5502975,,,257.25,257.75,300,,2025-04-21 09:55:00.019
tf,NFO,79515,,,,,256.80,35.05,,1745209501,,,,,,,,,,,,2025-04-21 09:55:00.995
tf,NFO,79515,,,,,,,,1745209501,,,,225.24,5504550,,,255.65,256.00,150,,2025-04-21 09:55:01.373
tf,NFO,79515,,,,,255.75,34.50,,1745209502,,,,,,,,,,,,2025-04-21 09:55:02.182
tf,NFO,79515,,,,,254.90,34.05,,1745209503,,,,,,,,,,,,2025-04-21 09:55:02.983
tf,NFO,79515,,,,,255.00,34.10,,1745209503,,,,225.25,5505750,,,254.75,255.25,75,225,2025-04-21 09:55:03.173
tf,NFO,79515,,,,,255.75,34.50,,1745209504,,,,,,,,,,,,2025-04-21 09:55:04.000
tf,NFO,79515,,,,,256.30,34.79,,1745209505,,,,225.26,5506725,,,256.30,256.85,450,300,2025-04-21 09:55:04.789
tf,NFO,79515,,,,,256.85,35.08,,1745209505,,,,,,,,,,,,2025-04-21 09:55:04.986
tf,NFO,79515,,,,,256.80,35.05,,1745209506,,,,,,,,,,,,2025-04-21 09:55:05.988
tf,NFO,79515,,,,,255.75,34.50,,1745209506,,,,225.27,5509125,,,255.60,256.15,,150,2025-04-21 09:55:06.382
tf,NFO,79515,,,,,256.35,34.81,,1745209507,,,,,,,,,,,,2025-04-21 09:55:06.989
tf,NFO,79515,,,,,257.25,35.29,,1745209508,,,,,,,,,,,,2025-04-21 09:55:08.071
tf,NFO,79515,,,,,,,,1745209508,,,,,5509800,,,257.30,257.75,225,75,2025-04-21 09:55:08.236
tf,NFO,79515,,,,,258.10,35.73,,1745209509,,,,,,,,,,,,2025-04-21 09:55:08.993
tf,NFO,79515,,,,,257.55,35.45,,1745209510,,,,225.28,5511750,,,257.55,258.15,675,300,2025-04-21 09:55:09.790
tf,NFO,79515,,,,,257.25,35.29,,1745209510,,,,,,,,,,,,2025-04-21 09:55:09.990
tf,NFO,79515,,,,,258.55,35.97,,1745209511,,,,,,,,,,,,2025-04-21 09:55:10.991
tf,NFO,79515,,,,,259.25,36.34,,1745209511,,,,225.29,5512500,,,259.20,259.70,150,225,2025-04-21 09:55:11.394
tf,NFO,79515,,,,,259.40,36.42,,1745209512,,,,,,,,,,,,2025-04-21 09:55:12.086
tf,NFO,79515,,,,,258.35,35.87,,1745209513,,,,,,,,,,,,2025-04-21 09:55:13.105
tf,NFO,79515,,,,,258.45,35.92,,1745209513,,,,225.30,5514675,,,258.05,258.65,300,75,2025-04-21 09:55:13.303
tf,NFO,79515,,,,,258.90,36.16,,1745209514,,,,,,,,,,,,2025-04-21 09:55:14.006
tf,NFO,79515,,,,,261.20,37.37,,1745209515,,,,225.33,5519700,,,260.70,261.25,825,300,2025-04-21 09:55:14.796
tf,NFO,79515,,,,,260.60,37.05,,1745209515,,,,,,,,,,,,2025-04-21 09:55:14.993
tf,NFO,79515,,,,,261.00,37.26,,1745209516,,,,,,,,,,,,2025-04-21 09:55:15.996
tf,NFO,79515,,,,,261.40,37.47,,1745209516,,,,225.34,5520750,,,260.95,261.55,225,75,2025-04-21 09:55:16.400
tf,NFO,79515,,,,,270.10,42.05,,1745209517,,,,,,,,,,,,2025-04-21 09:55:17.211
tf,NFO,79515,,,,,269.85,41.91,,1745209518,,,,,,,,,,,,2025-04-21 09:55:18.198
tf,NFO,79515,,,,,,,,1745209518,,270.20,,225.53,5546850,,,269.40,270.05,375,,2025-04-21 09:55:18.215
tf,NFO,79515,,,,,270.50,42.26,,1745209519,,,,,,,,,,,,2025-04-21 09:55:19.039
tf,NFO,79515,,,,,270.00,41.99,,1745209520,,271.40,,225.58,5552400,,,269.60,270.25,75,,2025-04-21 09:55:19.905
tf,NFO,79515,,,,,270.45,42.23,,1745209520,,,,,,,,,,,,2025-04-21 09:55:20.004
tf,NFO,79515,,,,,270.75,42.39,,1745209521,,,,,,,,,,,,2025-04-21 09:55:21.004
tf,NFO,79515,,,,,271.00,42.52,,1745209521,,272.00,,225.62,5557650,,,271.10,271.75,150,150,2025-04-21 09:55:21.428
tf,NFO,79515,,,,,271.75,42.91,,1745209522,,,,,,,,,,,,2025-04-21 09:55:22.011
tf,NFO,79515,,,,,273.05,43.60,,1745209523,,,,,,,,,,,,2025-04-21 09:55:23.201
tf,NFO,79515,,,,,,,,1745209523,,274.10,,225.69,5565675,,,272.55,273.30,675,300,2025-04-21 09:55:23.204
tf,NFO,79515,,,,,272.60,43.36,,1745209524,,,,,,,,,,,,2025-04-21 09:55:24.038
tf,NFO,79515,,,,,273.20,43.68,,1745209525,,274.45,,225.74,5571150,,,273.15,273.90,525,600,2025-04-21 09:55:24.812
tf,NFO,79515,,,,,273.35,43.75,,1745209525,,,,,,,,,,,,2025-04-21 09:55:25.030
tf,NFO,79515,,,,,271.45,42.76,,1745209526,,,,,,,,,,,,2025-04-21 09:55:26.084
tf,NFO,79515,,,,,272.50,43.31,,1745209526,,,,225.78,5575950,,,272.50,273.00,750,75,2025-04-21 09:55:26.459
tf,NFO,79515,,,,,275.10,44.68,,1745209527,,,,,,,,,,,,2025-04-21 09:55:27.013
tf,NFO,79515,,,,,273.70,43.94,,1745209528,,,,,,,,,,,,2025-04-21 09:55:28.200
tf,NFO,79515,,,,,,,,1745209528,,275.10,,225.82,5581500,,,273.65,274.40,150,450,2025-04-21 09:55:28.211
tf,NFO,79515,,,,,274.95,44.60,,1745209529,,,,,,,,,,,,2025-04-21 09:55:29.000
tf,NFO,79515,,,,,272.85,43.49,,1745209530,,275.55,,225.86,5585175,,,272.50,272.95,75,75,2025-04-21 09:55:29.831
tf,NFO,79515,,,,,271.75,42.91,,1745209530,,,,,,,,,,,,2025-04-21 09:55:30.016
tf,NFO,79515,,,,,274.20,44.20,,1745209531,,,,,,,,,,,,2025-04-21 09:55:31.003
tf,NFO,79515,,,,,,,,1745209531,,,,225.90,5590800,,,273.35,274.05,225,825,2025-04-21 09:55:31.420
tf,NFO,79515,,,,,272.90,43.52,,1745209532,,,,,,,,,,,,2025-04-21 09:55:32.108
tf,NFO,79515,,,,,273.75,43.97,,1745209533,,,,,,,,,,,,2025-04-21 09:55:33.060
tf,NFO,79515,,,,,274.10,44.15,,1745209533,,,,225.93,5593425,,,273.70,274.35,75,600,2025-04-21 09:55:33.246
tf,NFO,79515,,,,,273.65,43.91,,1745209534,,,,,,,,,,,,2025-04-21 09:55:34.009
tf,NFO,79515,,,,,273.80,43.99,,1745209535,,,,225.95,5595825,,,273.20,273.80,300,75,2025-04-21 09:55:34.836
tf,NFO,79515,,,,,272.55,43.33,,1745209535,,,,,,,,,,,,2025-04-21 09:55:35.030
tf,NFO,79515,,,,,270.65,42.33,,1745209536,,,,,,,,,,,,2025-04-21 09:55:36.020
tf,NFO,79515,,,,,270.35,42.18,,1745209536,,,,226.02,5605575,,,270.20,270.85,450,,2025-04-21 09:55:36.431
tf,NFO,79515,,,,,270.75,42.39,,1745209537,,,,,,,,,,,,2025-04-21 09:55:37.036
tf,NFO,79515,,,,,273.35,43.75,,1745209538,,,,,,,,,,,,2025-04-21 09:55:38.016
tf,NFO,79515,,,,,273.50,43.83,,1745209538,,,,226.08,5612175,,,272.50,273.10,150,300,2025-04-21 09:55:38.264
tf,NFO,79515,,,,,272.85,43.49,,1745209539,,,,,,,,,,,,2025-04-21 09:55:39.133
tf,NFO,79515,,,,,272.95,43.54,,1745209540,,,,,5612700,,,273.05,273.55,450,75,2025-04-21 09:55:39.943
tf,NFO,79515,,,,,273.15,43.65,,1745209540,,,,,,,,,,,,2025-04-21 09:55:40.142
tf,NFO,79515,,,,,273.70,43.94,,1745209541,,,,,,,,,,,,2025-04-21 09:55:41.011
tf,NFO,79515,,,,,273.40,43.78,,1745209541,,,,226.09,5614125,,,272.80,273.40,300,,2025-04-21 09:55:41.571
tf,NFO,79515,,,,,273.00,43.57,,1745209542,,,,,,,,,,,,2025-04-21 09:55:42.065
tf,NFO,79515,,,,,275.00,44.62,,1745209543,,,,226.15,5620950,,,275.05,275.55,150,,2025-04-21 09:55:43.061
tf,NFO,79515,,,,,274.35,44.28,,1745209543,,,,,,,,,,,,2025-04-21 09:55:43.212
tf,NFO,79515,,,,,275.30,44.78,,1745209544,,,,,,,,,,,,2025-04-21 09:55:44.019
tf,NFO,79515,,,,,274.45,44.33,,1745209545,,275.90,,226.19,5625150,,,273.20,273.85,300,225,2025-04-21 09:55:44.842
tf,NFO,79515,,,,,273.10,43.62,,1745209545,,,,,,,,,,,,2025-04-21 09:55:45.076
tf,NFO,79515,,,,,272.25,43.18,,1745209546,,,,,,,,,,,,2025-04-21 09:55:46.076
tf,NFO,79515,,,,,271.55,42.81,,1745209546,,,,226.20,5627175,,,271.90,272.55,225,75,2025-04-21 09:55:46.526
tf,NFO,79515,,,,,272.30,43.20,,1745209547,,,,,,,,,,,,2025-04-21 09:55:47.020
tf,NFO,79515,,,,,271.50,42.78,,1745209548,,,,,,,,,,,,2025-04-21 09:55:48.015
tf,NFO,79515,,,,,,,,1745209548,,,,226.21,5628375,,,271.95,,300,450,2025-04-21 09:55:48.046
tf,NFO,79515,,,,,273.30,43.73,,1745209549,,,,,,,,,,,,2025-04-21 09:55:49.019
tf,NFO,79515,,,,,272.95,43.54,,1745209550,,,,226.22,5629050,,,272.80,273.40,150,75,2025-04-21 09:55:49.853
tf,NFO,79515,,,,,273.10,43.62,,1745209550,,,,,,,,,,,,2025-04-21 09:55:50.017
tf,NFO,79515,,,,,272.75,43.44,,1745209551,,,,,,,,,,,,2025-04-21 09:55:51.019
tf,NFO,79515,,,,,272.40,43.26,,1745209551,,,,,5629575,,,271.90,272.50,300,150,2025-04-21 09:55:51.468
tf,NFO,79515,,,,,272.55,43.33,,1745209552,,,,,,,,,,,,2025-04-21 09:55:52.057
tf,NFO,79515,,,,,270.00,41.99,,1745209553,,,,,,,,,,,,2025-04-21 09:55:53.045
tf,NFO,79515,,,,,,,,1745209553,,,,226.28,5636775,,,269.60,270.25,450,600,2025-04-21 09:55:53.075
tf,NFO,79515,,,,,268.95,41.44,,1745209554,,,,,,,,,,,,2025-04-21 09:55:54.019
tf,NFO,79515,,,,,268.65,41.28,,1745209555,,,,226.33,5642700,,,269.05,269.65,375,150,2025-04-21 09:55:54.859
tf,NFO,79515,,,,,269.05,41.49,,1745209555,,,,,,,,,,,,2025-04-21 09:55:55.031
tf,NFO,79515,,,,,268.95,41.44,,1745209556,,,,,,,,,,,,2025-04-21 09:55:56.025
tf,NFO,79515,,,,,268.75,41.34,,1745209556,,,,,5643825,,,268.10,268.70,450,450,2025-04-21 09:55:56.474
tf,NFO,79515,,,,,268.15,41.02,,1745209557,,,,,,,,,,,,2025-04-21 09:55:57.024
tf,NFO,79515,,,,,269.10,41.52,,1745209558,,,,,,,,,,,,2025-04-21 09:55:58.020
tf,NFO,79515,,,,,,,,1745209558,,,,226.37,5648250,,,268.35,269.05,600,525,2025-04-21 09:55:58.075
tf,NFO,79515,,,,,264.85,39.28,,1745209559,,,,,,,,,,,,2025-04-21 09:55:59.021
tf,NFO,79515,,,,,261.70,37.63,,1745209560,,,,226.47,5662425,,,261.25,261.70,75,300,2025-04-21 09:55:59.867
tf,NFO,79515,,,,,260.75,37.13,,1745209560,,,,,,,,,,,,2025-04-21 09:56:00.033
tf,NFO,79515,,,,,262.80,38.21,,1745209561,,,,,,,,,,,,2025-04-21 09:56:01.069
tf,NFO,79515,,,,,263.80,38.73,,1745209561,,,,226.51,5668650,,,263.45,264.05,300,375,2025-04-21 09:56:01.475
tf,NFO,79515,,,,,263.35,38.50,,1745209562,,,,,,,,,,,,2025-04-21 09:56:02.029
tf,NFO,79515,,,,,262.60,38.10,,1745209563,,,,,,,,,,,,2025-04-21 09:56:03.026
tf,NFO,79515,,,,,,,,1745209563,,,,226.52,5670150,,,262.70,263.30,225,225,2025-04-21 09:56:03.070
tf,NFO,79515,,,,,261.85,37.71,,1745209564,,,,,,,,,,,,2025-04-21 09:56:04.227
tf,NFO,79515,,,,,261.80,37.68,,1745209565,,,,226.53,5672700,,,262.50,263.00,75,300,2025-04-21 09:56:04.918
tf,NFO,79515,,,,,262.25,37.92,,1745209566,,,,226.55,5674950,,,262.40,263.05,825,150,2025-04-21 09:56:06.476
tf,NFO,79515,,,,,263.45,38.55,,1745209567,,,,,,,,,,,,2025-04-21 09:56:07.026
tf,NFO,79515,,,,,263.20,38.42,,1745209568,,,,,,,,,,,,2025-04-21 09:56:08.030
tf,NFO,79515,,,,,265.00,39.36,,1745209568,,,,226.56,5676750,,,264.85,265.35,75,375,2025-04-21 09:56:08.081
tf,NFO,79515,,,,,265.30,39.52,,1745209569,,,,,,,,,,,,2025-04-21 09:56:09.028
tf,NFO,79515,,,,,265.95,39.86,,1745209570,,,,226.60,5682600,,,264.90,265.45,375,75,2025-04-21 09:56:09.877
tf,NFO,79515,,,,,265.55,39.65,,1745209570,,,,,,,,,,,,2025-04-21 09:56:10.053
tf,NFO,79515,,,,,264.90,39.31,,1745209571,,,,,,,,,,,,2025-04-21 09:56:11.030
tf,NFO,79515,,,,,264.60,39.15,,1745209571,,,,226.62,5685375,,,264.55,265.00,,,2025-04-21 09:56:11.524
tf,NFO,79515,,,,,265.55,39.65,,1745209573,,,,,,,,,,,,2025-04-21 09:56:13.114
tf,NFO,79515,,,,,,,,1745209573,,,,,5685900,,,265.45,265.95,600,,2025-04-21 09:56:13.144
tf,NFO,79515,,,,,264.95,39.34,,1745209574,,,,,,,,,,,,2025-04-21 09:56:14.140
tf,NFO,79515,,,,,266.20,39.99,,1745209575,,,,,5686500,,,265.60,266.15,825,,2025-04-21 09:56:14.951
tf,NFO,79515,,,,,266.45,40.13,,1745209576,,,,,,,,,,,,2025-04-21 09:56:16.035
tf,NFO,79515,,,,,264.80,39.26,,1745209576,,,,226.63,5687025,,,264.80,265.40,450,600,2025-04-21 09:56:16.537
tf,NFO,79515,,,,,264.40,39.05,,1745209577,,,,,,,,,,,,2025-04-21 09:56:17.034
tf,NFO,79515,,,,,265.65,39.71,,1745209578,,,,,,,,,,,,2025-04-21 09:56:18.080
tf,NFO,79515,,,,,,,,1745209578,,,,226.65,5689650,,,265.40,265.95,75,150,2025-04-21 09:56:18.104
tf,NFO,79515,,,,,265.10,39.42,,1745209579,,,,,,,,,,,,2025-04-21 09:56:19.069
tf,NFO,79515,,,,,265.25,39.50,,1745209580,,,,,5690175,,,264.60,265.10,525,,2025-04-21 09:56:19.896
tf,NFO,79515,,,,,265.65,39.71,,1745209580,,,,,,,,,,,,2025-04-21 09:56:20.041
tf,NFO,79515,,,,,264.00,38.84,,1745209581,,,,,,,,,,,,2025-04-21 09:56:21.039
tf,NFO,79515,,,,,263.05,38.34,,1745209581,,,,,5690925,,,263.05,263.60,75,,2025-04-21 09:56:21.495
tf,NFO,79515,,,,,263.60,38.63,,1745209582,,,,,,,,,,,,2025-04-21 09:56:22.036
tf,NFO,79515,,,,,262.25,37.92,,1745209583,,,,,,,,,,,,2025-04-21 09:56:23.048
tf,NFO,79515,,,,,,,,1745209583,,,,226.67,5693250,,,262.30,262.90,,375,2025-04-21 09:56:23.098
tf,NFO,79515,,,,,261.50,37.52,,1745209584,,,,,,,,,,,,2025-04-21 09:56:24.040
tf,NFO,79515,,,,,262.50,38.05,,1745209585,,,,,5693925,,,261.70,262.35,,225,2025-04-21 09:56:24.985
tf,NFO,79515,,,,,261.30,37.42,,1745209585,,,,,,,,,,,,2025-04-21 09:56:25.063
tf,NFO,79515,,,,,261.45,37.50,,1745209586,,,,,,,,,,,,2025-04-21 09:56:26.055
tf,NFO,79515,,,,,262.05,37.81,,1745209586,,,,226.68,5694900,,,261.10,261.55,150,300,2025-04-21 09:56:26.508
tf,NFO,79515,,,,,261.00,37.26,,1745209587,,,,,,,,,,,,2025-04-21 09:56:27.249
tf,NFO,79515,,,,,258.50,35.95,,1745209588,,,,,,,,,,,,2025-04-21 09:56:28.042
tf,NFO,79515,,,,,258.15,35.76,,1745209588,,,,226.70,5697750,,,257.95,258.50,,375,2025-04-21 09:56:28.108
tf,NFO,79515,,,,,259.40,36.42,,1745209589,,,,,,,,,,,,2025-04-21 09:56:29.042
tf,NFO,79515,,,,,260.15,36.81,,1745209590,,,,226.72,5701725,,,260.35,260.95,,150,2025-04-21 09:56:30.018
tf,NFO,79515,,,,,260.10,36.79,,1745209590,,,,,,,,,,,,2025-04-21 09:56:30.054
tf,NFO,79515,,,,,260.70,37.10,,1745209591,,,,,,,,,,,,2025-04-21 09:56:31.045
tf,NFO,79515,,,,,260.90,37.21,,1745209591,,,,,5702475,,,261.25,261.80,225,75,2025-04-21 09:56:31.620
tf,NFO,79515,,,,,262.40,38.00,,1745209592,,,,,,,,,,,,2025-04-21 09:56:32.053
tf,NFO,79515,,,,,262.90,38.26,,1745209593,,,,,,,,,,,,2025-04-21 09:56:33.045
tf,NFO,79515,,,,,262.80,38.21,,1745209593,,,,226.74,5704875,,,262.55,263.15,150,,2025-04-21 09:56:33.119
tf,NFO,79515,,,,,262.85,38.23,,1745209594,,,,,,,,,,,,2025-04-21 09:56:34.085
tf,NFO,79515,,,,,262.90,38.26,,1745209595,,,,,5705775,,,262.45,263.00,300,,2025-04-21 09:56:34.915
tf,NFO,79515,,,,,262.60,38.10,,1745209596,,,,,,,,,,,,2025-04-21 09:56:36.054
tf,NFO,79515,,,,,,,,1745209596,,,,226.75,5706075,,,264.20,264.60,75,450,2025-04-21 09:56:36.519
tf,NFO,79515,,,,,264.40,39.05,,1745209597,,,,,,,,,,,,2025-04-21 09:56:37.085
tf,NFO,79515,,,,,265.50,39.63,,1745209598,,,,,,,,,,,,2025-04-21 09:56:38.105
tf,NFO,79515,,,,,,,,1745209598,,,,226.77,5709975,,,265.10,265.65,,150,2025-04-21 09:56:38.183
tf,NFO,79515,,,,,264.45,39.07,,1745209599,,,,,,,,,,,,2025-04-21 09:56:39.140
tf,NFO,79515,,,,,263.30,38.47,,1745209600,,,,226.78,5711475,,,264.35,264.95,150,75,2025-04-21 09:56:39.925
tf,NFO,79515,,,,,265.00,39.36,,1745209601,,,,,,,,,,,,2025-04-21 09:56:41.054
tf,NFO,79515,,,,,,,,1745209601,,,,,5711625,,,264.40,264.90,75,,2025-04-21 09:56:41.527
tf,NFO,79515,,,,,264.60,39.15,,1745209602,,,,,,,,,,,,2025-04-21 09:56:42.250
tf,NFO,79515,,,,,265.00,39.36,,1745209603,,,,,,,,,,,,2025-04-21 09:56:43.087
tf,NFO,79515,,,,,,,,1745209603,,,,226.79,5712000,,,264.20,264.80,150,150,2025-04-21 09:56:43.130
tf,NFO,79515,,,,,,,,1745209605,,,,,5712750,,,265.00,265.55,75,75,2025-04-21 09:56:44.956
tf,NFO,79515,,,,,265.50,39.63,,1745209605,,,,,,,,,,,,2025-04-21 09:56:45.279
tf,NFO,79515,,,,,265.80,39.78,,1745209606,,,,,,,,,,,,2025-04-21 09:56:46.119
tf,NFO,79515,,,,,,,,1745209606,,,,226.80,5714550,,,264.90,265.50,150,,2025-04-21 09:56:46.536
tf,NFO,79515,,,,,265.30,39.52,,1745209607,,,,,,,,,,,,2025-04-21 09:56:47.146
tf,NFO,79515,,,,,265.65,39.71,,1745209608,,,,,,,,,,,,2025-04-21 09:56:48.140
tf,NFO,79515,,,,,,,,1745209608,,,,226.81,5715300,,,264.95,265.55,225,150,2025-04-21 09:56:48.188
tf,NFO,79515,,,,,264.40,39.05,,1745209609,,,,,,,,,,,,2025-04-21 09:56:49.256
tf,NFO,79515,,,,,263.40,38.52,,1745209610,,,,,5716350,,,262.70,263.35,150,225,2025-04-21 09:56:49.941
tf,NFO,79515,,,,,263.70,38.68,,1745209611,,,,226.82,5717775,,,263.55,264.20,600,150,2025-04-21 09:56:52.277
tf,NFO,79515,,,,,263.80,38.73,,1745209613,,,,,,,,,,,,2025-04-21 09:56:53.062
tf,NFO,79515,,,,,,,,1745209613,,,,226.83,5718150,,,263.85,264.45,300,75,2025-04-21 09:56:53.150
tf,NFO,79515,,,,,263.90,38.79,,1745209614,,,,,,,,,,,,2025-04-21 09:56:54.058
tf,NFO,79515,,,,,264.10,38.89,,1745209615,,,,,5718375,,,,,150,525,2025-04-21 09:56:54.949
tf,NFO,79515,,,,,264.75,39.23,,1745209615,,,,,,,,,,,,2025-04-21 09:56:55.057
tf,NFO,79515,,,,,265.80,39.78,,1745209616,,,,,,,,,,,,2025-04-21 09:56:56.059
tf,NFO,79515,,,,,265.20,39.47,,1745209616,,,,226.84,5719800,,,264.55,265.15,75,450,2025-04-21 09:56:56.563
tf,NFO,79515,,,,,265.10,39.42,,1745209617,,,,,,,,,,,,2025-04-21 09:56:57.064
tf,NFO,79515,,,,,265.20,39.47,,1745209618,,,,,,,,,,,,2025-04-21 09:56:58.169
tf,NFO,79515,,,,,,,,1745209618,,,,,5720175,,,265.05,265.60,,300,2025-04-21 09:56:58.247
tf,NFO,79515,,,,,265.60,39.68,,1745209619,,,,,,,,,,,,2025-04-21 09:56:59.063
tf,NFO,79515,,,,,266.00,39.89,,1745209620,,,,226.85,5721750,,,265.75,266.00,150,150,2025-04-21 09:56:59.960
tf,NFO,79515,,,,,266.50,40.15,,1745209621,,,,,,,,,,,,2025-04-21 09:57:01.093
tf,NFO,79515,,,,,266.45,40.13,,1745209621,,,,226.86,5722950,,,266.45,267.05,75,,2025-04-21 09:57:01.570
tf,NFO,79515,,,,,268.00,40.94,,1745209622,,,,,,,,,,,,2025-04-21 09:57:02.074
tf,NFO,79515,,,,,267.25,40.55,,1745209623,,,,,,,,,,,,2025-04-21 09:57:03.066
tf,NFO,79515,,,,,266.65,40.23,,1745209623,,,,226.87,5724525,,,266.60,267.00,150,900,2025-04-21 09:57:03.169
tf,NFO,79515,,,,,266.80,40.31,,1745209624,,,,,,,,,,,,2025-04-21 09:57:04.069
tf,NFO,79515,,,,,266.00,39.89,,1745209625,,,,226.89,5727375,,,265.30,265.90,75,300,2025-04-21 09:57:04.983
tf,NFO,79515,,,,,265.65,39.71,,1745209626,,,,,,,,,,,,2025-04-21 09:57:06.068
tf,NFO,79515,,,,,265.80,39.78,,1745209626,,,,226.91,5729925,,,266.10,266.65,,150,2025-04-21 09:57:06.569
tf,NFO,79515,,,,,265.10,39.42,,1745209627,,,,,,,,,,,,2025-04-21 09:57:07.066
tf,NFO,79515,,,,,265.35,39.55,,1745209628,,,,,,,,,,,,2025-04-21 09:57:08.069
tf,NFO,79515,,,,,,,,1745209628,,,,226.92,5731650,,,264.90,265.55,675,,2025-04-21 09:57:08.172
tf,NFO,79515,,,,,264.65,39.18,,1745209629,,,,,,,,,,,,2025-04-21 09:57:09.080
tf,NFO,79515,,,,,266.15,39.97,,1745209630,,,,,5732550,,,266.10,266.60,75,,2025-04-21 09:57:09.977
tf,NFO,79515,,,,,266.75,40.28,,1745209631,,,,,,,,,,,,2025-04-21 09:57:11.074
tf,NFO,79515,,,,,,,,1745209631,,,,226.93,5733450,,,266.95,267.60,225,300,2025-04-21 09:57:11.649
tf,NFO,79515,,,,,267.35,40.60,,1745209632,,,,,,,,,,,,2025-04-21 09:57:12.545
tf,NFO,79515,,,,,266.55,40.18,,1745209633,,,,,,,,,,,,2025-04-21 09:57:13.101
tf,NFO,79515,,,,,,,,1745209633,,,,226.94,5734275,,,266.50,267.05,75,375,2025-04-21 09:57:13.182
tf,NFO,79515,,,,,266.35,40.07,,1745209634,,,,,,,,,,,,2025-04-21 09:57:14.077
tf,NFO,79515,,,,,268.00,40.94,,1745209635,,,,,5734950,,,268.65,269.15,,300,2025-04-21 09:57:14.983
tf,NFO,79515,,,,,267.00,40.42,,1745209636,,,,,,,,,,,,2025-04-21 09:57:16.104
tf,NFO,79515,,,,,266.60,40.21,,1745209636,,,,226.95,5735925,,,265.80,266.40,300,,2025-04-21 09:57:16.585
tf,NFO,79515,,,,,267.05,40.44,,1745209638,,,,,,,,,,,,2025-04-21 09:57:18.123
tf,NFO,79515,,,,,,,,1745209638,,,,,5736525,,,266.85,267.45,,450,2025-04-21 09:57:18.257
tf,NFO,79515,,,,,266.40,40.10,,1745209639,,,,,,,,,,,,2025-04-21 09:57:19.090
tf,NFO,79515,,,,,267.35,40.60,,1745209640,,,,226.97,5738700,,,266.75,267.40,450,,2025-04-21 09:57:20.083
tf,NFO,79515,,,,,268.10,40.99,,1745209641,,,,,,,,,,,,2025-04-21 09:57:21.148
tf,NFO,79515,,,,,267.35,40.60,,1745209641,,,,226.98,5740350,,,266.85,267.45,,150,2025-04-21 09:57:21.595
tf,NFO,79515,,,,,267.30,40.57,,1745209642,,,,,,,,,,,,2025-04-21 09:57:22.075
tf,NFO,79515,,,,,267.95,40.92,,1745209643,,,,,,,,,,,,2025-04-21 09:57:23.079
tf,NFO,79515,,,,,267.45,40.65,,1745209643,,,,,5740875,,,267.15,267.70,75,75,2025-04-21 09:57:23.208
tf,NFO,79515,,,,,267.50,40.68,,1745209644,,,,,,,,,,,,2025-04-21 09:57:24.081
tf,NFO,79515,,,,,268.80,41.36,,1745209645,,,,227.00,5742750,,,267.90,268.45,150,225,2025-04-21 09:57:25.037
tf,NFO,79515,,,,,266.70,40.26,,1745209646,,,,,,,,,,,,2025-04-21 09:57:26.097
tf,NFO,79515,,,,,267.70,40.78,,1745209646,,,,,5743275,,,267.80,268.40,75,450,2025-04-21 09:57:26.605
tf,NFO,79515,,,,,268.15,41.02,,1745209648,,,,,,,,,,,,2025-04-21 09:57:28.104
tf,NFO,79515,,,,,,,,1745209648,,,,,5743425,,,,,450,375,2025-04-21 09:57:28.215
tf,NFO,79515,,,,,267.80,40.84,,1745209649,,,,,,,,,,,,2025-04-21 09:57:29.083
tf,NFO,79515,,,,,267.90,40.89,,1745209650,,,,227.01,5745150,,,267.60,268.15,75,225,2025-04-21 09:57:30.009
tf,NFO,79515,,,,,267.95,40.92,,1745209651,,,,,,,,,,,,2025-04-21 09:57:31.107
tf,NFO,79515,,,,,267.75,40.81,,1745209651,,,,227.02,5746125,,,267.00,267.60,150,375,2025-04-21 09:57:31.721
tf,NFO,79515,,,,,267.55,40.70,,1745209652,,,,,,,,,,,,2025-04-21 09:57:32.211
tf,NFO,79515,,,,,267.75,40.81,,1745209653,,,,,,,,,,,,2025-04-21 09:57:33.082
tf,NFO,79515,,,,,,,,1745209653,,,,227.03,5747100,,,267.35,268.10,525,450,2025-04-21 09:57:33.218
tf,NFO,79515,,,,,267.20,40.52,,1745209654,,,,,,,,,,,,2025-04-21 09:57:34.087
tf,NFO,79515,,,,,267.55,40.70,,1745209655,,,,,5747250,,,266.95,267.50,75,,2025-04-21 09:57:35.009
tf,NFO,79515,,,,,268.25,41.07,,1745209656,,,,,,,,,,,,2025-04-21 09:57:36.106
tf,NFO,79515,,,,,267.65,40.76,,1745209656,,,,,5747625,,,267.10,267.80,225,750,2025-04-21 09:57:36.624
tf,NFO,79515,,,,,265.85,39.81,,1745209657,,,,,,,,,,,,2025-04-21 09:57:37.089
tf,NFO,79515,,,,,267.85,40.86,,1745209658,,,,,,,,,,,,2025-04-21 09:57:38.106
tf,NFO,79515,,,,,268.10,40.99,,1745209658,,,,227.04,5748450,,,267.60,268.15,75,75,2025-04-21 09:57:38.280
tf,NFO,79515,,,,,268.05,40.97,,1745209659,,,,,,963900,,,,,,2025-04-21 09:57:39.171
tf,NFO,79515,,,,,,,,1745209660,,,,,5748825,,,267.85,268.30,,150,2025-04-21 09:57:40.017
tf,NFO,79515,,,,,268.40,41.15,,1745209660,,,,,,,,,,,,2025-04-21 09:57:40.293
tf,NFO,79515,,,,,267.55,40.70,,1745209661,,,,,,,,,,,,2025-04-21 09:57:41.092
tf,NFO,79515,,,,,268.10,40.99,,1745209661,,,,227.05,5750700,,,267.65,268.20,150,675,2025-04-21 09:57:41.626
tf,NFO,79515,,,,,269.45,41.70,,1745209662,,,,,,,,,,,,2025-04-21 09:57:42.090
tf,NFO,79515,,,,,269.50,41.73,,1745209663,,,,,,,,,,,,2025-04-21 09:57:43.113
tf,NFO,79515,,,,,,,,1745209663,,,,227.06,5751525,,,269.20,269.80,225,300,2025-04-21 09:57:43.227
tf,NFO,79515,,,,,269.70,41.84,,1745209664,,,,,,,,,,,,2025-04-21 09:57:44.289
tf,NFO,79515,,,,,270.80,42.41,,1745209665,,,,227.08,5754450,,,270.35,270.90,,75,2025-04-21 09:57:45.098
tf,NFO,79515,,,,,271.40,42.73,,1745209666,,,,,,,,,,,,2025-04-21 09:57:46.115
tf,NFO,79515,,,,,272.05,43.07,,1745209666,,,,227.10,5756625,,,271.35,272.00,300,525,2025-04-21 09:57:46.630
tf,NFO,79515,,,,,272.40,43.26,,1745209667,,,,,,,,,,,,2025-04-21 09:57:47.097
tf,NFO,79515,,,,,270.70,42.36,,1745209668,,,,,,,,,,,,2025-04-21 09:57:48.091
tf,NFO,79515,,,,,270.35,42.18,,1745209668,,,,227.11,5757750,,,269.30,269.95,150,375,2025-04-21 09:57:48.247
tf,NFO,79515,,,,,267.90,40.89,,1745209669,,,,,,,,,,,,2025-04-21 09:57:49.123
tf,NFO,79515,,,,,266.70,40.26,,1745209670,,,,227.13,5760600,,,266.90,267.45,75,150,2025-04-21 09:57:50.031
tf,NFO,79515,,,,,265.70,39.73,,1745209671,,,,227.14,5762100,,,265.50,266.05,150,,2025-04-21 09:57:51.643
tf,NFO,79515,,,,,266.75,40.28,,1745209672,,,,,,,,,,,,2025-04-21 09:57:52.110
tf,NFO,79515,,,,,265.80,39.78,,1745209673,,,,,,,,,,,,2025-04-21 09:57:53.100
tf,NFO,79515,,,,,265.00,39.36,,1745209673,,,,,5763150,,,264.55,265.10,225,,2025-04-21 09:57:53.288
tf,NFO,79515,,,,,264.55,39.13,,1745209674,,,,,,,,,,,,2025-04-21 09:57:54.206
tf,NFO,79515,,,,,265.20,39.47,,1745209675,,,,227.15,5764500,,,,265.20,,375,2025-04-21 09:57:55.042
tf,NFO,79515,,,,,264.90,39.31,,1745209676,,,,,,,,,,,,2025-04-21 09:57:56.096
tf,NFO,79515,,,,,264.00,38.84,,1745209677,,,,227.16,5765250,,,263.45,264.05,375,300,2025-04-21 09:57:56.646
tf,NFO,79515,,,,,262.15,37.86,,1745209678,,,,,,,,,,,,2025-04-21 09:57:58.148
tf,NFO,79515,,,,,262.45,38.02,,1745209678,,,,,5765775,,,262.25,262.90,225,450,2025-04-21 09:57:58.247
tf,NFO,79515,,,,,265.45,39.60,,1745209680,,,,,5766150,,,265.50,266.05,300,75,2025-04-21 09:58:00.046
tf,NFO,79515,,,,,266.00,39.89,,1745209681,,,,,,,,,,,,2025-04-21 09:58:01.098
tf,NFO,79515,,,,,,,,1745209682,,,,,5766450,,,265.65,266.20,525,225,2025-04-21 09:58:01.655
tf,NFO,79515,,,,,266.70,40.26,,1745209683,,,,,,,,,,,,2025-04-21 09:58:03.098
tf,NFO,79515,,,,,,,,1745209683,,,,227.18,5769375,,,266.20,266.80,150,600,2025-04-21 09:58:03.264
tf,NFO,79515,,,,,266.60,40.21,,1745209684,,,,,,,,,,,,2025-04-21 09:58:04.128
tf,NFO,79515,,,,,267.35,40.60,,1745209685,,,,227.19,5769675,,,266.30,266.90,225,75,2025-04-21 09:58:05.073
tf,NFO,79515,,,,,266.40,40.10,,1745209686,,,,,,,,,,,,2025-04-21 09:58:06.104
tf,NFO,79515,,,,,266.25,40.02,,1745209687,,,,,5769900,,,265.80,266.40,600,375,2025-04-21 09:58:06.663
tf,NFO,79515,,,,,266.35,40.07,,1745209687,,,,,,,,,,,,2025-04-21 09:58:07.122
tf,NFO,79515,,,,,267.35,40.60,,1745209688,,,,,5770350,,,267.30,267.85,225,300,2025-04-21 09:58:08.261
tf,NFO,79515,,,,,268.40,41.15,,1745209689,,,,,,,,,,,,2025-04-21 09:58:09.134
tf,NFO,79515,,,,,268.60,41.26,,1745209690,,,,227.20,5772300,,,268.20,268.80,450,525,2025-04-21 09:58:10.061
tf,NFO,79515,,,,,271.00,42.52,,1745209691,,,,,,,,,,,,2025-04-21 09:58:11.172
tf,NFO,79515,,,,,269.85,41.91,,1745209692,,,,227.22,5773725,,,270.10,270.55,225,75,2025-04-21 09:58:11.805
tf,NFO,79515,,,,,270.15,42.07,,1745209692,,,,,,,,,,,,2025-04-21 09:58:12.140
tf,NFO,79515,,,,,269.60,41.78,,1745209693,,,,,,,,,,,,2025-04-21 09:58:13.127
tf,NFO,79515,,,,,,,,1745209693,,,,,5774325,,,269.10,269.60,75,750,2025-04-21 09:58:13.278
tf,NFO,79515,,,,,269.50,41.73,,1745209694,,,,,,,,,,,,2025-04-21 09:58:14.108
tf,NFO,79515,,,,,270.05,42.02,,1745209695,,,,,5774775,,,269.65,270.10,,75,2025-04-21 09:58:15.070
tf,NFO,79515,,,,,269.40,41.68,,1745209696,,,,,,,,,,,,2025-04-21 09:58:16.110
tf,NFO,79515,,,,,269.25,41.60,,1745209697,,,,227.24,5777025,,,269.55,270.20,450,450,2025-04-21 09:58:16.679
tf,NFO,79515,,,,,270.10,42.05,,1745209697,,,,,,,,,,,,2025-04-21 09:58:17.112
tf,NFO,79515,,,,,269.70,41.84,,1745209698,,,,,,,,,,,,2025-04-21 09:58:18.348
tf,NFO,79515,,,,,269.55,41.76,,1745209698,,,,227.25,5778075,,,269.20,269.75,300,75,2025-04-21 09:58:18.352
tf,NFO,79515,,,,,269.60,41.78,,1745209699,,,,,,,,,,,,2025-04-21 09:58:19.113
tf,NFO,79515,,,,,269.30,41.63,,1745209700,,,,227.26,5779125,,,268.80,269.25,150,,2025-04-21 09:58:20.083
tf,NFO,79515,,,,,268.60,41.26,,1745209701,,,,,,,,,,,,2025-04-21 09:58:21.116
tf,NFO,79515,,,,,,,,1745209702,,,,227.27,5780700,,,,269.40,525,225,2025-04-21 09:58:21.703
tf,NFO,79515,,,,,269.85,41.91,,1745209702,,,,,,,,,,,,2025-04-21 09:58:22.392
tf,NFO,79515,,,,,269.35,41.65,,1745209703,,,,,,,,,,,,2025-04-21 09:58:23.116
tf,NFO,79515,,,,,,,,1745209703,,,,,5780925,,,268.00,268.35,75,450,2025-04-21 09:58:23.289
