t,e,tk,ts,pp,ls,ti,lp,pc,c,ft,o,h,l,ap,v,oi,poi,bp1,sp1,bq1,sq1,received_timestamp
tk,NFO,79616,NIFTY24APR25C24250,2,75,0.05,69.45,37.25,50.60,1745209404,60.65,76.05,47.95,61.98,9669000,1232850,409950,69.05,69.20,375,150,2025-04-21 09:53:24.042
tf,NFO,79616,,,,,68.85,36.07,,1745209404,,,,,,,,,,,,2025-04-21 09:53:24.481
tf,NFO,79616,,,,,68.65,35.67,,1745209405,,,,,9672075,,,68.70,68.85,450,975,2025-04-21 09:53:25.393
tf,NFO,79616,,,,,69.00,36.36,,1745209405,,,,,,,,,,,,2025-04-21 09:53:25.491
tf,NFO,79616,,,,,68.40,35.18,,1745209406,,,,,,,,,,,,2025-04-21 09:53:26.680
tf,NFO,79616,,,,,68.70,35.77,,1745209407,,,,61.99,9676500,,,68.60,68.75,750,75,2025-04-21 09:53:27.232
tf,NFO,79616,,,,,68.55,35.47,,1745209407,,,,,,,,,,,,2025-04-21 09:53:27.484
tf,NFO,79616,,,,,68.10,34.58,,1745209408,,,,,,,,,,,,2025-04-21 09:53:28.489
tf,NFO,79616,,,,,68.00,34.39,,1745209409,,,,,9685875,,,67.80,68.00,1425,1275,2025-04-21 09:53:28.863
tf,NFO,79616,,,,,68.30,34.98,,1745209410,,,,62.00,9690825,,,68.45,68.55,,75,2025-04-21 09:53:30.404
tf,NFO,79616,,,,,68.55,35.47,,1745209410,,,,,,,,,,,,2025-04-21 09:53:30.485
tf,NFO,79616,,,,,68.85,36.07,,1745209412,,,,,9692775,,,68.60,68.75,525,150,2025-04-21 09:53:32.203
tf,NFO,79616,,,,,68.30,34.98,,1745209412,,,,,,,,,,,,2025-04-21 09:53:32.565
tf,NFO,79616,,,,,68.15,34.68,,1745209413,,,,,,,,,,,,2025-04-21 09:53:33.563
tf,NFO,79616,,,,,68.10,34.58,,1745209414,,,,,9694425,,,67.90,68.10,1125,1650,2025-04-21 09:53:33.810
tf,NFO,79616,,,,,68.90,36.17,,1745209414,,,,,,,,,,,,2025-04-21 09:53:34.490
tf,NFO,79616,,,,,68.30,34.98,,1745209415,,,,,9696450,,,68.10,68.35,2700,1050,2025-04-21 09:53:35.412
tf,NFO,79616,,,,,68.50,35.38,,1745209416,,,,,,,,,,,,2025-04-21 09:53:36.491
tf,NFO,79616,,,,,68.60,35.57,,1745209417,,,,,9698700,,,68.45,68.60,75,1350,2025-04-21 09:53:37.211
tf,NFO,79616,,,,,68.70,35.77,,1745209417,,,,,,,,,,,,2025-04-21 09:53:37.507
tf,NFO,79616,,,,,68.65,35.67,,1745209418,,,,,,,,,,,,2025-04-21 09:53:38.497
tf,NFO,79616,,,,,69.10,36.56,,1745209419,,,,,9702300,,,68.80,69.00,1800,1425,2025-04-21 09:53:38.838
tf,NFO,79616,,,,,69.00,36.36,,1745209419,,,,,,,,,,,,2025-04-21 09:53:39.541
tf,NFO,79616,,,,,69.30,36.96,,1745209420,,,,62.01,9706350,,,69.40,69.60,1425,1350,2025-04-21 09:53:40.564
tf,NFO,79616,,,,,69.40,37.15,,1745209420,,,,,,,,,,,,2025-04-21 09:53:40.568
tf,NFO,79616,,,,,69.75,37.85,,1745209421,,,,,,,,,,,,2025-04-21 09:53:41.500
tf,NFO,79616,,,,,69.30,36.96,,1745209422,,,,,9709725,,,69.05,69.25,975,150,2025-04-21 09:53:42.219
tf,NFO,79616,,,,,69.25,36.86,,1745209422,,,,,,,,,,,,2025-04-21 09:53:42.556
tf,NFO,79616,,,,,68.45,35.28,,1745209423,,,,,,,,,,,,2025-04-21 09:53:43.509
tf,NFO,79616,,,,,68.30,34.98,,1745209424,,,,,9717825,,,68.30,68.45,75,75,2025-04-21 09:53:43.832
tf,NFO,79616,,,,,69.10,36.56,,1745209424,,,,,,,,,,,,2025-04-21 09:53:44.497
tf,NFO,79616,,,,,68.60,35.57,,1745209425,,,,62.02,9721425,,,68.50,68.65,,600,2025-04-21 09:53:45.455
tf,NFO,79616,,,,,68.50,35.38,,1745209425,,,,,,,,,,,,2025-04-21 09:53:45.495
tf,NFO,79616,,,,,68.45,35.28,,1745209427,,,,,9726900,,,68.75,68.90,375,225,2025-04-21 09:53:47.230
tf,NFO,79616,,,,,68.95,36.26,,1745209427,,,,,,,,,,,,2025-04-21 09:53:47.508
tf,NFO,79616,,,,,68.80,35.97,,1745209428,,,,,,,,,,,,2025-04-21 09:53:48.501
tf,NFO,79616,,,,,68.65,35.67,,1745209429,,,,,9728475,,,68.60,68.75,750,75,2025-04-21 09:53:48.837
tf,NFO,79616,,,,,68.95,36.26,,1745209429,,,,,,,,,,,,2025-04-21 09:53:49.499
tf,NFO,79616,,,,,68.90,36.17,,1745209430,,,,,9729375,,,68.35,68.55,600,1275,2025-04-21 09:53:50.436
tf,NFO,79616,,,,,68.80,35.97,,1745209431,,,,,,,,,,,,2025-04-21 09:53:51.507
tf,NFO,79616,,,,,69.20,36.76,,1745209432,,,,,9732375,,,69.10,69.25,300,375,2025-04-21 09:53:52.041
tf,NFO,79616,,,,,69.10,36.56,,1745209432,,,,,,,,,,,,2025-04-21 09:53:52.573
tf,NFO,79616,,,,,68.90,36.17,,1745209433,,,,,,,,,,,,2025-04-21 09:53:53.499
tf,NFO,79616,,,,,68.55,35.47,,1745209434,,,,62.03,9734025,,,68.55,68.70,900,225,2025-04-21 09:53:53.865
tf,NFO,79616,,,,,68.70,35.77,,1745209434,,,,,,,,,,,,2025-04-21 09:53:54.610
tf,NFO,79616,,,,,68.40,35.18,,1745209435,,,,,9735525,,,68.15,68.30,,900,2025-04-21 09:53:55.461
tf,NFO,79616,,,,,68.30,34.98,,1745209435,,,,,,,,,,,,2025-04-21 09:53:55.501
tf,NFO,79616,,,,,68.70,35.77,,1745209436,,,,,,,,,,,,2025-04-21 09:53:56.528
tf,NFO,79616,,,,,68.50,35.38,,1745209437,,,,,9739200,,,68.45,68.65,375,1725,2025-04-21 09:53:57.050
tf,NFO,79616,,,,,67.95,34.29,,1745209437,,,,,,,,,,,,2025-04-21 09:53:57.510
tf,NFO,79616,,,,,68.35,35.08,,1745209438,,,,,,,,,,,,2025-04-21 09:53:58.505
tf,NFO,79616,,,,,,,,1745209439,,,,,9744525,,,68.35,68.55,1125,1050,2025-04-21 09:53:58.884
tf,NFO,79616,,,,,68.70,35.77,,1745209439,,,,,,,,,,,,2025-04-21 09:53:59.608
tf,NFO,79616,,,,,68.60,35.57,,1745209440,,,,,9746925,,,68.45,68.65,,750,2025-04-21 09:54:00.453
tf,NFO,79616,,,,,68.55,35.47,,1745209442,,,,62.04,9750075,,,,68.55,150,225,2025-04-21 09:54:02.064
tf,NFO,79616,,,,,68.85,36.07,,1745209442,,,,,,,,,,,,2025-04-21 09:54:02.516
tf,NFO,79616,,,,,68.55,35.47,,1745209444,,,,,9753900,,,68.25,68.45,900,900,2025-04-21 09:54:03.860
tf,NFO,79616,,,,,68.15,34.68,,1745209444,,,,,,,,,,,,2025-04-21 09:54:04.524
tf,NFO,79616,,,,,68.35,35.08,,1745209445,,,,,9754875,,,68.30,68.50,1425,1125,2025-04-21 09:54:05.556
tf,NFO,79616,,,,,68.05,34.49,,1745209446,,,,,,,,,,,,2025-04-21 09:54:06.585
tf,NFO,79616,,,,,68.10,34.58,,1745209447,,,,,9759150,,,68.10,68.25,375,900,2025-04-21 09:54:07.072
tf,NFO,79616,,,,,68.75,35.87,,1745209447,,,,,,,,,,,,2025-04-21 09:54:07.507
tf,NFO,79616,,,,,68.20,34.78,,1745209448,,,,,,,,,,,,2025-04-21 09:54:08.513
tf,NFO,79616,,,,,68.40,35.18,,1745209449,,,,,9762525,,,68.15,68.35,675,,2025-04-21 09:54:08.867
tf,NFO,79616,,,,,68.50,35.38,,1745209449,,,,,,,,,,,,2025-04-21 09:54:09.526
tf,NFO,79616,,,,,67.90,34.19,,1745209450,,,,62.05,9765975,,,67.90,68.10,525,1650,2025-04-21 09:54:10.470
tf,NFO,79616,,,,,68.10,34.58,,1745209451,,,,,,,,,,,,2025-04-21 09:54:11.515
tf,NFO,79616,,,,,68.20,34.78,,1745209452,,,,,9766950,,,68.10,68.30,1350,525,2025-04-21 09:54:12.076
tf,NFO,79616,,,,,67.85,34.09,,1745209453,,,,,,,,,,,,2025-04-21 09:54:13.562
tf,NFO,79616,,,,,68.40,35.18,,1745209454,,,,,9771225,,,67.90,68.10,525,1425,2025-04-21 09:54:13.894
tf,NFO,79616,,,,,68.05,34.49,,1745209454,,,,,,,,,,,,2025-04-21 09:54:14.516
tf,NFO,79616,,,,,,,,1745209455,,,,,9771975,,,67.95,,150,1575,2025-04-21 09:54:15.475
tf,NFO,79616,,,,,68.75,35.87,,1745209456,,,,,,,,,,,,2025-04-21 09:54:16.570
tf,NFO,79616,,,,,68.65,35.67,,1745209457,,,,,9774450,,,68.50,68.65,975,225,2025-04-21 09:54:17.085
tf,NFO,79616,,,,,68.55,35.47,,1745209457,,,,,,,,,,,,2025-04-21 09:54:17.557
tf,NFO,79616,,,,,68.65,35.67,,1745209458,,,,,,,,,,,,2025-04-21 09:54:18.554
tf,NFO,79616,,,,,68.55,35.47,,1745209459,,,,,9775950,,,,68.70,1950,1875,2025-04-21 09:54:18.884
tf,NFO,79616,,,,,69.75,37.85,,1745209459,,,,,,,,,,,,2025-04-21 09:54:20.071
tf,NFO,79616,,,,,69.40,37.15,,1745209460,,,,62.06,9782925,,,69.40,69.60,1350,1425,2025-04-21 09:54:20.582
tf,NFO,79616,,,,,69.60,37.55,,1745209460,,,,,,,,,,,,2025-04-21 09:54:20.587
tf,NFO,79616,,,,,69.30,36.96,,1745209461,,,,,,,,,,,,2025-04-21 09:54:21.566
tf,NFO,79616,,,,,69.40,37.15,,1745209462,,,,,9786900,,,69.20,69.40,750,1800,2025-04-21 09:54:22.188
tf,NFO,79616,,,,,69.45,37.25,,1745209462,,,,,,,,,,,,2025-04-21 09:54:22.636
tf,NFO,79616,,,,,69.10,36.56,,1745209463,,,,,,,,,,,,2025-04-21 09:54:23.558
tf,NFO,79616,,,,,69.35,37.06,,1745209464,,,,,9790200,,,69.25,69.45,375,1875,2025-04-21 09:54:23.765
tf,NFO,79616,,,,,69.00,36.36,,1745209464,,,,,,,,,,,,2025-04-21 09:54:24.616
tf,NFO,79616,,,,,69.10,36.56,,1745209465,,,,,9791250,,,68.90,69.10,1425,1125,2025-04-21 09:54:25.609
tf,NFO,79616,,,,,69.05,36.46,,1745209466,,,,,,,,,,,,2025-04-21 09:54:26.836
tf,NFO,79616,,,,,69.10,36.56,,1745209467,,,,62.07,9793275,,,68.95,,150,600,2025-04-21 09:54:27.115
tf,NFO,79616,,,,,68.80,35.97,,1745209468,,,,,,,,,,,,2025-04-21 09:54:28.530
tf,NFO,79616,,,,,68.70,35.77,,1745209469,,,,,9794925,,,68.65,68.80,450,450,2025-04-21 09:54:28.751
tf,NFO,79616,,,,,69.35,37.06,,1745209469,,,,,,,,,,,,2025-04-21 09:54:29.527
tf,NFO,79616,,,,,68.70,35.77,,1745209470,,,,,9795825,,,68.50,68.65,75,825,2025-04-21 09:54:30.303
tf,NFO,79616,,,,,68.45,35.28,,1745209470,,,,,,,,,,,,2025-04-21 09:54:30.545
tf,NFO,79616,,,,,68.80,35.97,,1745209471,,,,,,,,,,,,2025-04-21 09:54:31.583
tf,NFO,79616,,,,,68.65,35.67,,1745209472,,,,,9797400,,,,,,900,2025-04-21 09:54:32.097
tf,NFO,79616,,,,,68.75,35.87,,1745209472,,,,,,,,,,,,2025-04-21 09:54:32.562
tf,NFO,79616,,,,,68.50,35.38,,1745209473,,,,,,,,,,,,2025-04-21 09:54:33.577
tf,NFO,79616,,,,,68.65,35.67,,1745209474,,,,,9800925,,,68.60,68.75,150,,2025-04-21 09:54:33.776
tf,NFO,79616,,,,,68.70,35.77,,1745209474,,,,,,,,,,,,2025-04-21 09:54:34.621
tf,NFO,79616,,,,,68.75,35.87,,1745209475,,,,,9801900,,,68.45,68.65,600,1350,2025-04-21 09:54:35.427
tf,NFO,79616,,,,,69.15,36.66,,1745209476,,,,,,,,,,,,2025-04-21 09:54:36.530
tf,NFO,79616,,,,,69.10,36.56,,1745209477,,,,,9804075,,,69.00,69.15,1050,675,2025-04-21 09:54:36.709
tf,NFO,79616,,,,,69.05,36.46,,1745209477,,,,,,,,,,,,2025-04-21 09:54:37.533
tf,NFO,79616,,,,,68.60,35.57,,1745209478,,,,62.08,9807300,,,68.50,68.70,1950,1125,2025-04-21 09:54:38.517
tf,NFO,79616,,,,,,,,1745209478,,,,,,1291200,,,,,,2025-04-21 09:54:38.568
tf,NFO,79616,,,,,69.10,36.56,,1745209479,,,,,,,,,,,,2025-04-21 09:54:39.561
tf,NFO,79616,,,,,69.05,36.46,,1745209480,,,,,9808800,,,68.85,69.05,750,1350,2025-04-21 09:54:40.161
tf,NFO,79616,,,,,69.15,36.66,,1745209480,,,,,,,,,,,,2025-04-21 09:54:40.550
tf,NFO,79616,,,,,68.85,36.07,,1745209482,,,,,9810375,,,68.80,69.00,1650,1050,2025-04-21 09:54:41.713
tf,NFO,79616,,,,,69.15,36.66,,1745209482,,,,,,,,,,,,2025-04-21 09:54:42.530
tf,NFO,79616,,,,,68.45,35.28,,1745209483,,,,,9812400,,,68.45,68.60,450,675,2025-04-21 09:54:43.527
tf,NFO,79616,,,,,68.70,35.77,,1745209484,,,,,,,,,,,,2025-04-21 09:54:44.541
tf,NFO,79616,,,,,68.55,35.47,,1745209485,,,,,9814950,,,68.50,68.70,525,1125,2025-04-21 09:54:45.119
tf,NFO,79616,,,,,69.10,36.56,,1745209485,,,,,,,,,,,,2025-04-21 09:54:45.628
tf,NFO,79616,,,,,68.95,36.26,,1745209486,,,,,,,,,,,,2025-04-21 09:54:46.687
tf,NFO,79616,,,,,69.10,36.56,,1745209487,,,,,9816675,,,68.75,68.95,1050,1500,2025-04-21 09:54:46.734
tf,NFO,79616,,,,,69.20,36.76,,1745209488,,,,,9819900,,,69.00,69.20,1125,2700,2025-04-21 09:54:48.526
tf,NFO,79616,,,,,69.35,37.06,,1745209489,,,,,,,,,,,,2025-04-21 09:54:49.542
tf,NFO,79616,,,,,68.95,36.26,,1745209490,,,,62.09,9822150,,,68.95,69.10,1425,225,2025-04-21 09:54:50.151
tf,NFO,79616,,,,,69.10,36.56,,1745209490,,,,,,,,,,,,2025-04-21 09:54:50.539
tf,NFO,79616,,,,,69.00,36.36,,1745209491,,,,,,,,,,,,2025-04-21 09:54:51.536
tf,NFO,79616,,,,,69.05,36.46,,1745209492,,,,,9825375,,,69.00,69.15,225,750,2025-04-21 09:54:51.732
tf,NFO,79616,,,,,69.50,37.35,,1745209492,,,,,,,,,,,,2025-04-21 09:54:52.537
tf,NFO,79616,,,,,69.80,37.94,,1745209493,,,,62.10,9838125,,,69.55,69.75,1125,900,2025-04-21 09:54:53.529
tf,NFO,79616,,,,,69.85,38.04,,1745209494,,,,,,,,,,,,2025-04-21 09:54:53.735
tf,NFO,79616,,,,,69.80,37.94,,1745209494,,,,,,,,,,,,2025-04-21 09:54:54.537
tf,NFO,79616,,,,,69.65,37.65,,1745209495,,,,,9841350,,,69.50,69.65,75,75,2025-04-21 09:54:55.161
tf,NFO,79616,,,,,69.90,38.14,,1745209495,,,,,,,,,,,,2025-04-21 09:54:55.538
tf,NFO,79616,,,,,69.75,37.85,,1745209496,,,,,,,,,,,,2025-04-21 09:54:56.539
tf,NFO,79616,,,,,69.45,37.25,,1745209497,,,,,9844125,,,69.55,69.75,450,1050,2025-04-21 09:54:56.739
tf,NFO,79616,,,,,69.40,37.15,,1745209497,,,,,,,,,,,,2025-04-21 09:54:57.632
tf,NFO,79616,,,,,69.85,38.04,,1745209498,,,,62.11,9848100,,,69.70,69.90,2100,975,2025-04-21 09:54:58.607
tf,NFO,79616,,,,,70.20,38.74,,1745209499,,,,,,,,,,,,2025-04-21 09:54:59.800
tf,NFO,79616,,,,,69.85,38.04,,1745209500,,,,,9852750,,,69.80,69.85,75,375,2025-04-21 09:55:00.244
tf,NFO,79616,,,,,69.50,37.35,,1745209501,,,,,,,,,,,,2025-04-21 09:55:01.542
tf,NFO,79616,,,,,,,,1745209502,,,,,9859725,,,69.35,69.55,1275,750,2025-04-21 09:55:01.750
tf,NFO,79616,,,,,69.10,36.56,,1745209502,,,,,,,,,,,,2025-04-21 09:55:02.549
tf,NFO,79616,,,,,69.35,37.06,,1745209503,,,,,,,,,,,,2025-04-21 09:55:03.544
tf,NFO,79616,,,,,,,,1745209503,,,,62.12,9863775,,,69.30,69.45,300,525,2025-04-21 09:55:03.546
tf,NFO,79616,,,,,69.85,38.04,,1745209504,,,,,,,,,,,,2025-04-21 09:55:04.545
tf,NFO,79616,,,,,69.65,37.65,,1745209505,,,,,9867975,,,69.55,69.70,225,225,2025-04-21 09:55:05.196
tf,NFO,79616,,,,,69.80,37.94,,1745209505,,,,,,,,,,,,2025-04-21 09:55:05.756
tf,NFO,79616,,,,,69.60,37.55,,1745209506,,,,,,,,,,,,2025-04-21 09:55:06.577
tf,NFO,79616,,,,,69.65,37.65,,1745209507,,,,,9869475,,,69.80,69.95,675,75,2025-04-21 09:55:06.780
tf,NFO,79616,,,,,69.75,37.85,,1745209507,,,,,,,,,,,,2025-04-21 09:55:07.590
tf,NFO,79616,,,,,70.20,38.74,,1745209508,,,,,,,,,,,,2025-04-21 09:55:08.701
tf,NFO,79616,,,,,,,,1745209508,,,,62.13,9876075,,,70.00,70.20,1275,1050,2025-04-21 09:55:08.702
tf,NFO,79616,,,,,69.70,37.75,,1745209509,,,,,,,,,,,,2025-04-21 09:55:09.558
tf,NFO,79616,,,,,70.05,38.44,,1745209510,,,,,9879150,,,69.75,69.95,375,1275,2025-04-21 09:55:10.155
tf,NFO,79616,,,,,70.00,38.34,,1745209510,,,,,,,,,,,,2025-04-21 09:55:10.548
tf,NFO,79616,,,,,70.50,39.33,,1745209511,,,,,,,,,,,,2025-04-21 09:55:11.569
tf,NFO,79616,,,,,70.35,39.03,,1745209512,,,,,9883875,,,70.15,70.30,675,150,2025-04-21 09:55:11.876
tf,NFO,79616,,,,,69.90,38.14,,1745209512,,,,,,,,,,,,2025-04-21 09:55:12.556
tf,NFO,79616,,,,,70.30,38.93,,1745209513,,,,,,,,,,,,2025-04-21 09:55:13.556
tf,NFO,79616,,,,,,,,1745209513,,,,62.14,9894825,,,70.05,70.20,450,525,2025-04-21 09:55:13.588
tf,NFO,79616,,,,,70.90,40.12,,1745209514,,,,,,,,,,,,2025-04-21 09:55:14.553
tf,NFO,79616,,,,,,,,1745209515,,,,62.15,9908700,,,70.80,71.00,2250,375,2025-04-21 09:55:15.164
tf,NFO,79616,,,,,71.35,41.01,,1745209515,,,,,,,,,,,,2025-04-21 09:55:15.554
tf,NFO,79616,,,,,71.25,40.81,,1745209516,,,,,,,,,,,,2025-04-21 09:55:16.567
tf,NFO,79616,,,,,71.50,41.30,,1745209517,,,,62.16,9913350,,,71.55,71.75,525,300,2025-04-21 09:55:16.799
tf,NFO,79616,,,,,73.85,45.95,,1745209518,,,,,,,,,,,,2025-04-21 09:55:17.753
tf,NFO,79616,,,,,74.10,46.44,,1745209518,,,,62.22,9972450,,,74.15,74.30,300,225,2025-04-21 09:55:18.630
tf,NFO,79616,,,,,74.40,47.04,,1745209519,,,,,,,,,,,,2025-04-21 09:55:18.794
tf,NFO,79616,,,,,73.40,45.06,,1745209519,,,,,,,,,,,,2025-04-21 09:55:19.862
tf,NFO,79616,,,,,73.50,45.26,,1745209520,,,,62.25,9993300,,,73.55,73.75,525,,2025-04-21 09:55:20.197
tf,NFO,79616,,,,,73.60,45.45,,1745209520,,,,,,,,,,,,2025-04-21 09:55:20.559
tf,NFO,79616,,,,,74.90,48.02,,1745209521,,,,,,,,,,,,2025-04-21 09:55:21.570
tf,NFO,79616,,,,,75.15,48.52,,1745209522,,,,62.29,10024575,,,75.00,75.15,225,300,2025-04-21 09:55:21.773
tf,NFO,79616,,,,,75.40,49.01,,1745209522,,,,,,,,,,,,2025-04-21 09:55:22.563
tf,NFO,79616,,,,,75.70,49.60,,1745209523,,76.40,,62.34,10061550,,,75.75,76.00,675,900,2025-04-21 09:55:23.381
tf,NFO,79616,,,,,75.95,50.10,,1745209523,,,,,,,,,,,,2025-04-21 09:55:23.576
tf,NFO,79616,,,,,76.10,50.40,,1745209525,,,,,,,,,,,,2025-04-21 09:55:24.759
tf,NFO,79616,,,,,76.25,50.69,,1745209525,,76.60,,62.38,10092600,,,76.10,76.25,750,1725,2025-04-21 09:55:25.180
tf,NFO,79616,,,,,75.50,49.21,,1745209525,,,,,,,,,,,,2025-04-21 09:55:25.690
tf,NFO,79616,,,,,76.00,50.20,,1745209526,,,,,,,,,,,,2025-04-21 09:55:26.563
tf,NFO,79616,,,,,76.30,50.79,,1745209527,,,,62.41,10118175,,,76.25,76.50,300,375,2025-04-21 09:55:26.785
tf,NFO,79616,,,,,76.60,51.38,,1745209527,,,,,,,,,,,,2025-04-21 09:55:27.565
tf,NFO,79616,,,,,76.40,50.99,,1745209528,,77.15,,62.44,10139550,,,76.60,76.75,450,150,2025-04-21 09:55:28.410
tf,NFO,79616,,,,,76.35,50.89,,1745209528,,,,,,,,,,,,2025-04-21 09:55:28.569
tf,NFO,79616,,,,,75.95,50.10,,1745209529,,,,,,,,,,,,2025-04-21 09:55:29.561
tf,NFO,79616,,,,,75.30,48.81,,1745209530,,,,62.46,10154475,,,75.45,75.60,150,225,2025-04-21 09:55:30.187
tf,NFO,79616,,,,,75.65,49.51,,1745209530,,,,,,,,,,,,2025-04-21 09:55:30.567
tf,NFO,79616,,,,,76.60,51.38,,1745209531,,,,,,,,,,,,2025-04-21 09:55:31.599
tf,NFO,79616,,,,,76.50,51.19,,1745209532,,,,62.49,10173900,,,76.40,76.50,75,150,2025-04-21 09:55:31.816
tf,NFO,79616,,,,,76.30,50.79,,1745209532,,,,,,,,,,,,2025-04-21 09:55:32.629
tf,NFO,79616,,,,,76.85,51.88,,1745209533,,,,62.50,10183425,,,76.55,76.80,600,975,2025-04-21 09:55:33.411
tf,NFO,79616,,,,,76.60,51.38,,1745209533,,,,,,,,,,,,2025-04-21 09:55:33.568
tf,NFO,79616,,,,,76.30,50.79,,1745209534,,,,,,,,,,,,2025-04-21 09:55:34.568
tf,NFO,79616,,,,,75.20,48.62,,1745209535,,,,62.52,10196400,,,75.25,75.45,1050,150,2025-04-21 09:55:35.190
tf,NFO,79616,,,,,75.30,48.81,,1745209535,,,,,,,,,,,,2025-04-21 09:55:35.569
tf,NFO,79616,,,,,74.85,47.92,,1745209536,,,,,,,,,,,,2025-04-21 09:55:36.596
tf,NFO,79616,,,,,75.05,48.32,,1745209537,,,,62.54,10215675,,,75.10,75.30,1800,450,2025-04-21 09:55:36.803
tf,NFO,79616,,,,,75.75,49.70,,1745209537,,,,,,,,,,,,2025-04-21 09:55:37.568
tf,NFO,79616,,,,,75.95,50.10,,1745209538,,,,62.56,10229100,,,75.80,76.00,1125,675,2025-04-21 09:55:38.467
tf,NFO,79616,,,,,75.65,49.51,,1745209538,,,,,,,,,,,,2025-04-21 09:55:38.575
tf,NFO,79616,,,,,76.00,50.20,,1745209539,,,,,,,,,,,,2025-04-21 09:55:39.578
tf,NFO,79616,,,,,75.75,49.70,,1745209540,,,,62.57,10235925,,,75.70,75.90,2025,75,2025-04-21 09:55:40.203
tf,NFO,79616,,,,,76.00,50.20,,1745209540,,,,,,,,,,,,2025-04-21 09:55:40.581
tf,NFO,79616,,,,,75.85,49.90,,1745209541,,,,,,,,,,,,2025-04-21 09:55:41.605
tf,NFO,79616,,,,,76.10,50.40,,1745209542,,,,,10241025,,,76.05,76.15,225,150,2025-04-21 09:55:41.847
tf,NFO,79616,,,,,76.40,50.99,,1745209542,,,,,,,,,,,,2025-04-21 09:55:42.572
tf,NFO,79616,,,,,76.80,51.78,,1745209543,,77.30,,62.60,10258125,,,76.60,76.80,525,600,2025-04-21 09:55:43.418
tf,NFO,79616,,,,,76.65,51.48,,1745209543,,,,,,,,,,,,2025-04-21 09:55:43.581
tf,NFO,79616,,,,,76.90,51.98,,1745209544,,,,,,,,,,,,2025-04-21 09:55:44.571
tf,NFO,79616,,,,,76.00,50.20,,1745209545,,77.45,,62.62,10274475,,,75.85,76.10,600,1200,2025-04-21 09:55:45.254
tf,NFO,79616,,,,,75.55,49.31,,1745209545,,,,,,,,,,,,2025-04-21 09:55:45.649
tf,NFO,79616,,,,,76.20,50.59,,1745209546,,,,,,,,,,,,2025-04-21 09:55:46.571
tf,NFO,79616,,,,,76.15,50.49,,1745209547,,,,62.63,10282350,,,75.90,,675,825,2025-04-21 09:55:46.813
tf,NFO,79616,,,,,76.20,50.59,,1745209547,,,,,,,,,,,,2025-04-21 09:55:47.576
tf,NFO,79616,,,,,76.05,50.30,,1745209548,,,,62.64,10290000,,,75.95,76.15,150,,2025-04-21 09:55:48.414
tf,NFO,79616,,,,,76.20,50.59,,1745209548,,,,,,,,,,,,2025-04-21 09:55:48.573
tf,NFO,79616,,,,,76.00,50.20,,1745209549,,,,,,,,,,,,2025-04-21 09:55:49.578
tf,NFO,79616,,,,,75.90,50.00,,1745209550,,,,62.65,10298475,,,,,375,600,2025-04-21 09:55:50.215
tf,NFO,79616,,,,,76.20,50.59,,1745209550,,,,,,,,,,,,2025-04-21 09:55:50.583
tf,NFO,79616,,,,,75.95,50.10,,1745209551,,,,,,,,,,,,2025-04-21 09:55:51.604
tf,NFO,79616,,,,,76.25,50.69,,1745209552,,,,62.66,10305150,,,75.90,76.10,825,375,2025-04-21 09:55:51.889
tf,NFO,79616,,,,,75.35,48.91,,1745209552,,,,,,,,,,,,2025-04-21 09:55:52.663
tf,NFO,79616,,,,,74.30,46.84,,1745209553,,,,62.67,10316100,,,74.15,74.40,300,1125,2025-04-21 09:55:53.429
tf,NFO,79616,,,,,73.95,46.15,,1745209554,,,,,,,,,,,,2025-04-21 09:55:53.789
tf,NFO,79616,,,,,74.55,47.33,,1745209555,,,,62.69,10329150,,,74.45,74.65,225,825,2025-04-21 09:55:55.228
tf,NFO,79616,,,,,74.50,47.23,,1745209555,,,,,,,,,,,,2025-04-21 09:55:55.579
tf,NFO,79616,,,,,73.80,45.85,,1745209556,,,,,,,,,,,,2025-04-21 09:55:56.588
tf,NFO,79616,,,,,73.60,45.45,,1745209557,,,,,10333875,,,73.55,73.75,1125,75,2025-04-21 09:55:56.832
tf,NFO,79616,,,,,74.15,46.54,,1745209557,,,,,,,,,,,,2025-04-21 09:55:57.578
tf,NFO,79616,,,,,72.75,43.77,,1745209558,,,,62.72,10360575,,,72.80,72.95,75,375,2025-04-21 09:55:58.538
tf,NFO,79616,,,,,72.80,43.87,,1745209558,,,,,,,,,,,,2025-04-21 09:55:58.619
tf,NFO,79616,,,,,71.85,42.00,,1745209559,,,,,,,,,,,,2025-04-21 09:55:59.595
tf,NFO,79616,,,,,70.55,39.43,,1745209560,,,,62.74,10384350,,,70.55,70.70,225,,2025-04-21 09:56:00.231
tf,NFO,79616,,,,,70.95,40.22,,1745209560,,,,,,,,,,,,2025-04-21 09:56:00.585
tf,NFO,79616,,,,,72.00,42.29,,1745209561,,,,,,,,,,,,2025-04-21 09:56:01.584
tf,NFO,79616,,,,,,,,1745209562,,,,62.75,10399500,,,71.95,72.10,375,300,2025-04-21 09:56:01.831
tf,NFO,79616,,,,,71.60,41.50,,1745209562,,,,,,,,,,,,2025-04-21 09:56:02.584
tf,NFO,79616,,,,,71.75,41.80,,1745209563,,,,62.76,10407075,,,71.75,72.00,1500,1650,2025-04-21 09:56:03.458
tf,NFO,79616,,,,,71.70,41.70,,1745209563,,,,,,,,,,,,2025-04-21 09:56:03.593
tf,NFO,79616,,,,,71.20,40.71,,1745209564,,,,,,,,,,,,2025-04-21 09:56:04.586
tf,NFO,79616,,,,,71.75,41.80,,1745209565,,,,62.77,10422600,,,71.55,71.70,600,300,2025-04-21 09:56:05.286
tf,NFO,79616,,,,,71.65,41.60,,1745209565,,,,,,,,,,,,2025-04-21 09:56:05.604
tf,NFO,79616,,,,,71.90,42.09,,1745209566,,,,,,,,,,,,2025-04-21 09:56:06.592
tf,NFO,79616,,,,,72.10,42.49,,1745209567,,,,62.78,10432125,,,71.95,72.10,75,375,2025-04-21 09:56:06.839
tf,NFO,79616,,,,,71.90,42.09,,1745209567,,,,,,,,,,,,2025-04-21 09:56:07.586
tf,NFO,79616,,,,,72.85,43.97,,1745209568,,,,62.79,10440075,,,72.70,72.85,375,450,2025-04-21 09:56:08.455
tf,NFO,79616,,,,,72.65,43.58,,1745209568,,,,,,,,,,,,2025-04-21 09:56:08.587
tf,NFO,79616,,,,,73.95,46.15,,1745209569,,,,,,,,,,,,2025-04-21 09:56:09.585
tf,NFO,79616,,,,,73.25,44.76,,1745209570,,,,62.81,10457400,,,73.25,73.40,150,675,2025-04-21 09:56:10.246
tf,NFO,79616,,,,,73.40,45.06,,1745209570,,,,,,,,,,,,2025-04-21 09:56:10.609
tf,NFO,79616,,,,,73.25,44.76,,1745209572,,,,,,,,,,,,2025-04-21 09:56:11.816
tf,NFO,79616,,,,,,,,1745209572,,,,,10462275,,,73.05,73.20,75,525,2025-04-21 09:56:11.852
tf,NFO,79616,,,,,73.70,45.65,,1745209572,,,,,,,,,,,,2025-04-21 09:56:12.701
tf,NFO,79616,,,,,73.50,45.26,,1745209573,,,,62.82,10467900,,,73.35,73.55,1050,375,2025-04-21 09:56:13.550
tf,NFO,79616,,,,,73.55,45.36,,1745209574,,,,,,,,,,,,2025-04-21 09:56:14.590
tf,NFO,79616,,,,,73.85,45.95,,1745209575,,,,,10469850,,,73.80,74.00,1575,,2025-04-21 09:56:15.259
tf,NFO,79616,,,,,73.80,45.85,,1745209575,,,,,,,,,,,,2025-04-21 09:56:15.592
tf,NFO,79616,,,,,73.40,45.06,,1745209576,,,,,,,,,,,,2025-04-21 09:56:16.592
tf,NFO,79616,,,,,73.30,44.86,,1745209577,,,,,10474500,,,73.05,73.20,525,75,2025-04-21 09:56:16.873
tf,NFO,79616,,,,,73.40,45.06,,1745209577,,,,,,,,,,,,2025-04-21 09:56:17.600
tf,NFO,79616,,,,,73.90,46.05,,1745209578,,,,62.83,10477950,,,73.65,73.80,150,675,2025-04-21 09:56:18.510
tf,NFO,79616,,,,,73.80,45.85,,1745209578,,,,,,,,,,,,2025-04-21 09:56:18.589
tf,NFO,79616,,,,,73.10,44.47,,1745209579,,,,,,,,,,,,2025-04-21 09:56:19.593
tf,NFO,79616,,,,,73.25,44.76,,1745209580,,,,,10482075,,,73.20,73.40,1050,375,2025-04-21 09:56:20.262
tf,NFO,79616,,,,,73.05,44.37,,1745209580,,,,,,,,,,,,2025-04-21 09:56:20.590
tf,NFO,79616,,,,,72.55,43.38,,1745209581,,,,,,,,,,,,2025-04-21 09:56:21.593
tf,NFO,79616,,,,,72.30,42.89,,1745209582,,,,62.84,10488450,,,72.25,72.40,300,75,2025-04-21 09:56:21.864
tf,NFO,79616,,,,,72.00,42.29,,1745209583,,,,,10490700,,,71.90,72.05,225,525,2025-04-21 09:56:23.469
tf,NFO,79616,,,,,72.25,42.79,,1745209584,,,,,,,,,,,,2025-04-21 09:56:24.601
tf,NFO,79616,,,,,71.50,41.30,,1745209585,,,,,10495800,,,71.50,71.70,750,1800,2025-04-21 09:56:25.272
tf,NFO,79616,,,,,71.55,41.40,,1745209586,,,,,,,,,,,,2025-04-21 09:56:26.596
tf,NFO,79616,,,,,71.25,40.81,,1745209587,,,,62.85,10499850,,,71.25,71.40,75,1500,2025-04-21 09:56:26.874
tf,NFO,79616,,,,,70.60,39.53,,1745209587,,,,,,,,,,,,2025-04-21 09:56:27.609
tf,NFO,79616,,,,,70.05,38.44,,1745209588,,,,62.87,10527750,,,70.15,70.35,225,825,2025-04-21 09:56:28.479
tf,NFO,79616,,,,,70.15,38.64,,1745209588,,,,,,,,,,,,2025-04-21 09:56:28.605
tf,NFO,79616,,,,,71.05,40.42,,1745209589,,,,,,,,,,,,2025-04-21 09:56:29.601
tf,NFO,79616,,,,,71.10,40.51,,1745209590,,,,62.88,10543125,,,70.80,71.00,300,1575,2025-04-21 09:56:30.276
tf,NFO,79616,,,,,71.05,40.42,,1745209590,,,,,,,,,,,,2025-04-21 09:56:30.602
tf,NFO,79616,,,,,71.80,41.90,,1745209591,,,,,,,,,,,,2025-04-21 09:56:31.627
tf,NFO,79616,,,,,71.90,42.09,,1745209592,,,,,10549050,,,71.75,72.00,975,825,2025-04-21 09:56:31.960
tf,NFO,79616,,,,,72.00,42.29,,1745209592,,,,,,,,,,,,2025-04-21 09:56:32.609
tf,NFO,79616,,,,,,,,1745209593,,,,,10551600,,,71.90,72.10,600,1725,2025-04-21 09:56:33.495
tf,NFO,79616,,,,,72.30,42.89,,1745209594,,,,,,,,,,,,2025-04-21 09:56:34.603
tf,NFO,79616,,,,,,,,1745209595,,,,62.89,10553100,,,72.15,72.30,750,375,2025-04-21 09:56:35.287
tf,NFO,79616,,,,,71.90,42.09,,1745209595,,,,,,,,,,,,2025-04-21 09:56:35.607
tf,NFO,79616,,,,,72.55,43.38,,1745209596,,,,,,,,,,,,2025-04-21 09:56:36.605
tf,NFO,79616,,,,,,,,1745209597,,,,,10556400,,,72.40,72.60,150,2025,2025-04-21 09:56:36.694
tf,NFO,79616,,,,,72.60,43.48,,1745209597,,,,,,,,,,,,2025-04-21 09:56:37.606
tf,NFO,79616,,,,,72.85,43.97,,1745209598,,,,,10560450,,,72.60,72.75,225,375,2025-04-21 09:56:38.565
tf,NFO,79616,,,,,72.20,42.69,,1745209599,,,,,,,,,,,,2025-04-21 09:56:39.612
tf,NFO,79616,,,,,72.50,43.28,,1745209600,,,,,10563150,,,72.50,72.65,300,75,2025-04-21 09:56:40.098
tf,NFO,79616,,,,,72.60,43.48,,1745209600,,,,,,,,,,,,2025-04-21 09:56:40.615
tf,NFO,79616,,,,,72.40,43.08,,1745209601,,,,,,,,,,,,2025-04-21 09:56:41.606
tf,NFO,79616,,,,,,,,1745209602,,,,62.90,10566975,,,72.35,72.50,,375,2025-04-21 09:56:41.702
tf,NFO,79616,,,,,72.20,42.69,,1745209602,,,,,,,,,,,,2025-04-21 09:56:42.633
tf,NFO,79616,,,,,72.10,42.49,,1745209603,,,,,10571325,,,72.10,72.25,975,75,2025-04-21 09:56:43.506
tf,NFO,79616,,,,,72.20,42.69,,1745209603,,,,,,,,,,,,2025-04-21 09:56:43.610
tf,NFO,79616,,,,,72.50,43.28,,1745209604,,,,,,,,,,,,2025-04-21 09:56:44.621
tf,NFO,79616,,,,,,,,1745209605,,,,62.91,10575300,,,72.50,72.65,300,150,2025-04-21 09:56:45.111
tf,NFO,79616,,,,,72.55,43.38,,1745209605,,,,,,,,,,,,2025-04-21 09:56:45.705
tf,NFO,79616,,,,,,,,1745209607,,,,,10582275,,,72.35,72.55,675,1050,2025-04-21 09:56:46.737
tf,NFO,79616,,,,,72.50,43.28,,1745209607,,,,,,,,,,,,2025-04-21 09:56:47.756
tf,NFO,79616,,,,,72.55,43.38,,1745209608,,,,,10585875,,,72.20,72.40,375,1650,2025-04-21 09:56:48.535
tf,NFO,79616,,,,,71.60,41.50,,1745209609,,,,,,,,,,,,2025-04-21 09:56:49.622
tf,NFO,79616,,,,,,,,1745209610,,,,62.92,10589175,,,71.30,71.50,525,1500,2025-04-21 09:56:50.120
tf,NFO,79616,,,,,71.70,41.70,,1745209610,,,,,,,,,,,,2025-04-21 09:56:50.614
tf,NFO,79616,,,,,71.85,42.00,,1745209611,,,,,,,,,,,,2025-04-21 09:56:52.283
tf,NFO,79616,,,,,71.90,42.09,,1745209612,,,,,10593750,,,71.70,71.90,375,1575,2025-04-21 09:56:52.292
tf,NFO,79616,,,,,71.95,42.19,,1745209612,,,,,,,,,,,,2025-04-21 09:56:52.673
tf,NFO,79616,,,,,72.25,42.79,,1745209613,,,,,10597050,,,72.05,72.25,825,600,2025-04-21 09:56:53.516
tf,NFO,79616,,,,,72.10,42.49,,1745209614,,,,,,,,,,,,2025-04-21 09:56:54.618
tf,NFO,79616,,,,,72.20,42.69,,1745209615,,,,62.93,10598100,,,72.25,72.40,75,225,2025-04-21 09:56:55.130
tf,NFO,79616,,,,,72.60,43.48,,1745209615,,,,,,,,,,,,2025-04-21 09:56:55.620
tf,NFO,79616,,,,,72.20,42.69,,1745209616,,,,,,,,,,,,2025-04-21 09:56:56.617
tf,NFO,79616,,,,,72.50,43.28,,1745209617,,,,,10600200,,,,72.45,1050,900,2025-04-21 09:56:56.736
tf,NFO,79616,,,,,72.80,43.87,,1745209617,,,,,,,,,,,,2025-04-21 09:56:57.616
tf,NFO,79616,,,,,72.50,43.28,,1745209618,,,,,10602225,,,72.35,72.55,675,750,2025-04-21 09:56:58.637
tf,NFO,79616,,,,,73.00,44.27,,1745209620,,,,,10607400,,,72.85,73.10,750,1500,2025-04-21 09:57:00.139
tf,NFO,79616,,,,,73.15,44.57,,1745209620,,,,,,,,,,,,2025-04-21 09:57:00.620
tf,NFO,79616,,,,,73.20,44.66,,1745209621,,,,,,,,,,,,2025-04-21 09:57:01.624
tf,NFO,79616,,,,,73.15,44.57,,1745209622,,,,62.94,10609125,,,73.15,73.35,600,1050,2025-04-21 09:57:01.741
tf,NFO,79616,,,,,73.20,44.66,,1745209623,,,,,10612950,,,73.25,73.45,825,675,2025-04-21 09:57:03.544
tf,NFO,79616,,,,,72.85,43.97,,1745209624,,,,,,,,,,,,2025-04-21 09:57:04.721
tf,NFO,79616,,,,,72.90,44.07,,1745209625,,,,,10616625,,,72.75,72.90,150,450,2025-04-21 09:57:05.161
tf,NFO,79616,,,,,73.10,44.47,,1745209625,,,,,,,,,,,,2025-04-21 09:57:05.746
tf,NFO,79616,,,,,72.95,44.17,,1745209626,,,,,,,,,,,,2025-04-21 09:57:06.626
tf,NFO,79616,,,,,73.20,44.66,,1745209627,,,,,10618425,,,73.00,73.20,825,1275,2025-04-21 09:57:06.756
tf,NFO,79616,,,,,72.65,43.58,,1745209627,,,,,,,,,,,,2025-04-21 09:57:07.648
tf,NFO,79616,,,,,72.30,42.89,,1745209628,,,,62.95,10624500,,,72.35,72.50,75,525,2025-04-21 09:57:08.550
tf,NFO,79616,,,,,72.45,43.18,,1745209628,,,,,,,,,,,,2025-04-21 09:57:08.629
tf,NFO,79616,,,,,72.75,43.77,,1745209629,,,,,,,,,,,,2025-04-21 09:57:09.629
tf,NFO,79616,,,,,73.10,44.47,,1745209630,,,,,10626375,,,72.95,73.10,300,,2025-04-21 09:57:10.180
tf,NFO,79616,,,,,73.15,44.57,,1745209630,,,,,,,,,,,,2025-04-21 09:57:10.627
tf,NFO,79616,,,,,73.25,44.76,,1745209632,,,,,10628775,,,73.10,73.30,750,900,2025-04-21 09:57:11.882
tf,NFO,79616,,,,,73.30,44.86,,1745209632,,,,,,,,,,,,2025-04-21 09:57:12.751
tf,NFO,79616,,,,,72.85,43.97,,1745209633,,,,62.96,10632300,,,72.95,73.15,600,375,2025-04-21 09:57:13.550
tf,NFO,79616,,,,,73.50,45.26,,1745209634,,,,,,,,,,,,2025-04-21 09:57:14.636
tf,NFO,79616,,,,,73.90,46.05,,1745209635,,,,62.97,10643700,,,73.80,74.00,900,975,2025-04-21 09:57:15.157
tf,NFO,79616,,,,,73.50,45.26,,1745209635,,,,,,,,,,,,2025-04-21 09:57:15.633
tf,NFO,79616,,,,,72.75,43.77,,1745209636,,,,,,,,,,,,2025-04-21 09:57:16.644
tf,NFO,79616,,,,,73.00,44.27,,1745209637,,,,,10647975,,,73.05,73.25,375,1575,2025-04-21 09:57:16.760
tf,NFO,79616,,,,,73.20,44.66,,1745209637,,,,,,,,,,,,2025-04-21 09:57:17.652
tf,NFO,79616,,,,,73.15,44.57,,1745209638,,,,,10649775,,,72.95,73.15,525,1650,2025-04-21 09:57:18.676
tf,NFO,79616,,,,,72.95,44.17,,1745209639,,,,,,,,,,,,2025-04-21 09:57:19.679
tf,NFO,79616,,,,,73.20,44.66,,1745209640,,,,62.98,10652250,,,73.15,73.25,225,300,2025-04-21 09:57:20.163
tf,NFO,79616,,,,,73.30,44.86,,1745209640,,,,,,,,,,,,2025-04-21 09:57:20.708
tf,NFO,79616,,,,,73.40,45.06,,1745209641,,,,,,,,,,,,2025-04-21 09:57:21.641
tf,NFO,79616,,,,,,,,1745209642,,,,,10660050,,,73.20,73.30,,1125,2025-04-21 09:57:21.766
tf,NFO,79616,,,,,73.30,44.86,,1745209642,,,,,,,,,,,,2025-04-21 09:57:22.659
tf,NFO,79616,,,,,,,,1745209643,,,,62.99,10662000,,,73.25,73.35,900,150,2025-04-21 09:57:23.585
tf,NFO,79616,,,,,73.35,44.96,,1745209643,,,,,,,,,,,,2025-04-21 09:57:23.637
tf,NFO,79616,,,,,73.50,45.26,,1745209644,,,,,,,,,,,,2025-04-21 09:57:24.641
tf,NFO,79616,,,,,73.20,44.66,,1745209645,,,,,10668375,,,73.05,73.25,750,975,2025-04-21 09:57:25.236
tf,NFO,79616,,,,,72.80,43.87,,1745209645,,,,,,,,,,,,2025-04-21 09:57:25.655
tf,NFO,79616,,,,,73.60,45.45,,1745209646,,,,,,,,,,,,2025-04-21 09:57:26.641
tf,NFO,79616,,,,,73.70,45.65,,1745209647,,,,,10671150,,,73.50,73.70,1500,675,2025-04-21 09:57:26.776
tf,NFO,79616,,,,,73.50,45.26,,1745209647,,,,,,,,,,,,2025-04-21 09:57:27.644
tf,NFO,79616,,,,,73.35,44.96,,1745209648,,,,63.00,10675425,,,73.30,73.50,1875,375,2025-04-21 09:57:28.587
tf,NFO,79616,,,,,73.15,44.57,,1745209650,,,,,,,,,,,,2025-04-21 09:57:29.644
tf,NFO,79616,,,,,73.35,44.96,,1745209650,,,,,10680375,,,73.35,73.55,1350,,2025-04-21 09:57:30.181
tf,NFO,79616,,,,,73.75,45.75,,1745209651,,,,,,,,,,,,2025-04-21 09:57:30.646
tf,NFO,79616,,,,,73.20,44.66,,1745209652,,,,,,,,,,,,2025-04-21 09:57:31.727
tf,NFO,79616,,,,,73.40,45.06,,1745209652,,,,63.01,10683075,,,,,675,600,2025-04-21 09:57:31.828
tf,NFO,79616,,,,,73.10,44.47,,1745209653,,,,,,,,,,,,2025-04-21 09:57:32.654
tf,NFO,79616,,,,,73.30,44.86,,1745209653,,,,,10687875,,,72.95,73.10,375,150,2025-04-21 09:57:33.579
tf,NFO,79616,,,,,73.10,44.47,,1745209655,,,,,,,,,,,,2025-04-21 09:57:34.649
tf,NFO,79616,,,,,73.20,44.66,,1745209655,,,,,10691925,,,73.15,73.35,1800,375,2025-04-21 09:57:35.188
tf,NFO,79616,,,,,73.50,45.26,,1745209656,,,,,,,,,,,,2025-04-21 09:57:35.644
tf,NFO,79616,,,,,73.40,45.06,,1745209657,,,,,,,,,,,,2025-04-21 09:57:36.657
tf,NFO,79616,,,,,73.45,45.16,,1745209657,,,,63.02,10696125,,,73.30,73.50,75,2100,2025-04-21 09:57:36.790
tf,NFO,79616,,,,,73.30,44.86,,1745209658,,,,,,,,,,,,2025-04-21 09:57:37.644
tf,NFO,79616,,,,,73.60,45.45,,1745209658,,,,,10701000,,,73.55,73.75,525,825,2025-04-21 09:57:38.603
tf,NFO,79616,,,,,73.70,45.65,,1745209659,,,,,,,,,,,,2025-04-21 09:57:38.641
tf,NFO,79616,,,,,,,,1745209660,,,,,,1278075,,,,,,2025-04-21 09:57:39.644
tf,NFO,79616,,,,,73.35,44.96,,1745209660,,,,63.03,10704075,,,73.30,73.50,,1500,2025-04-21 09:57:40.196
tf,NFO,79616,,,,,73.50,45.26,,1745209661,,,,,,,,,,,,2025-04-21 09:57:40.648
tf,NFO,79616,,,,,73.35,44.96,,1745209662,,,,,,,,,,,,2025-04-21 09:57:41.650
tf,NFO,79616,,,,,73.40,45.06,,1745209662,,,,,10708275,,,73.35,,2475,300,2025-04-21 09:57:41.826
tf,NFO,79616,,,,,74.00,46.25,,1745209663,,,,,,,,,,,,2025-04-21 09:57:42.679
tf,NFO,79616,,,,,73.90,46.05,,1745209663,,,,63.04,10720425,,,73.95,74.15,750,375,2025-04-21 09:57:43.593
tf,NFO,79616,,,,,74.55,47.33,,1745209665,,,,,,,,,,,,2025-04-21 09:57:44.696
tf,NFO,79616,,,,,74.70,47.63,,1745209665,,,,63.05,10729125,,,74.40,74.65,2175,1050,2025-04-21 09:57:45.200
tf,NFO,79616,,,,,74.45,47.13,,1745209666,,,,,,,,,,,,2025-04-21 09:57:45.723
tf,NFO,79616,,,,,75.25,48.72,,1745209667,,,,,,,,,,,,2025-04-21 09:57:46.656
tf,NFO,79616,,,,,75.45,49.11,,1745209667,,,,63.07,10742400,,,75.30,75.45,525,450,2025-04-21 09:57:46.799
tf,NFO,79616,,,,,74.80,47.83,,1745209668,,,,,,,,,,,,2025-04-21 09:57:47.652
tf,NFO,79616,,,,,73.85,45.95,,1745209668,,,,,10748175,,,73.70,73.80,300,1125,2025-04-21 09:57:48.599
tf,NFO,79616,,,,,73.55,45.36,,1745209669,,,,,,,,,,,,2025-04-21 09:57:48.648
tf,NFO,79616,,,,,73.25,44.76,,1745209670,,,,,,,,,,,,2025-04-21 09:57:49.656
tf,NFO,79616,,,,,73.35,44.96,,1745209670,,,,63.08,10759500,,,73.20,73.40,900,,2025-04-21 09:57:50.209
tf,NFO,79616,,,,,73.30,44.86,,1745209671,,,,,,,,,,,,2025-04-21 09:57:50.660
tf,NFO,79616,,,,,73.05,44.37,,1745209672,,,,,,,,,,,,2025-04-21 09:57:51.677
tf,NFO,79616,,,,,72.90,44.07,,1745209672,,,,63.09,10763100,,,72.85,73.05,1200,525,2025-04-21 09:57:51.871
tf,NFO,79616,,,,,73.20,44.66,,1745209673,,,,,,,,,,,,2025-04-21 09:57:52.704
tf,NFO,79616,,,,,72.80,43.87,,1745209673,,,,,10767825,,,72.65,72.80,525,450,2025-04-21 09:57:53.895
tf,NFO,79616,,,,,72.70,43.68,,1745209675,,,,,,,,,,,,2025-04-21 09:57:54.815
tf,NFO,79616,,,,,,,,1745209675,,,,63.10,10772175,,,72.55,72.70,300,,2025-04-21 09:57:55.221
tf,NFO,79616,,,,,72.80,43.87,,1745209676,,,,,,,,,,,,2025-04-21 09:57:55.651
tf,NFO,79616,,,,,72.00,42.29,,1745209677,,,,,,,,,,,,2025-04-21 09:57:56.675
tf,NFO,79616,,,,,72.25,42.79,,1745209677,,,,,10775550,,,72.05,72.20,75,1425,2025-04-21 09:57:56.827
tf,NFO,79616,,,,,71.85,42.00,,1745209678,,,,,,,,,,,,2025-04-21 09:57:57.652
tf,NFO,79616,,,,,71.55,41.40,,1745209678,,,,63.11,10784250,,,71.70,71.85,375,825,2025-04-21 09:57:58.669
tf,NFO,79616,,,,,73.00,44.27,,1745209680,,,,,,,,,,,,2025-04-21 09:57:59.655
tf,NFO,79616,,,,,73.20,44.66,,1745209680,,,,,10793775,,,73.10,73.20,150,150,2025-04-21 09:58:00.221
tf,NFO,79616,,,,,73.10,44.47,,1745209682,,,,,,,,,,,,2025-04-21 09:58:01.680
tf,NFO,79616,,,,,73.25,44.76,,1745209682,,,,63.12,10796625,,,73.25,73.40,900,750,2025-04-21 09:58:01.833
tf,NFO,79616,,,,,73.20,44.66,,1745209683,,,,,,,,,,,,2025-04-21 09:58:02.673
tf,NFO,79616,,,,,73.25,44.76,,1745209683,,,,,10802775,,,,73.45,1200,375,2025-04-21 09:58:03.636
tf,NFO,79616,,,,,73.60,45.45,,1745209685,,,,,,,,,,,,2025-04-21 09:58:04.731
tf,NFO,79616,,,,,73.10,44.47,,1745209685,,,,63.13,10807275,,,72.95,73.15,,300,2025-04-21 09:58:05.250
tf,NFO,79616,,,,,73.05,44.37,,1745209686,,,,,,,,,,,,2025-04-21 09:58:05.860
tf,NFO,79616,,,,,,,,1745209687,,,,,10810950,,,73.05,73.20,75,1425,2025-04-21 09:58:06.839
tf,NFO,79616,,,,,73.40,45.06,,1745209688,,,,,,,,,,,,2025-04-21 09:58:07.658
tf,NFO,79616,,,,,73.70,45.65,,1745209688,,,,,10814550,,,73.75,73.90,300,300,2025-04-21 09:58:08.638
tf,NFO,79616,,,,,74.05,46.34,,1745209690,,,,,,,,,,,,2025-04-21 09:58:09.663
tf,NFO,79616,,,,,74.25,46.74,,1745209690,,,,63.14,10818900,,,73.95,74.10,75,1125,2025-04-21 09:58:10.242
tf,NFO,79616,,,,,74.80,47.83,,1745209691,,,,,,,,,,,,2025-04-21 09:58:10.674
tf,NFO,79616,,,,,74.90,48.02,,1745209692,,,,,,,,,,,,2025-04-21 09:58:11.801
tf,NFO,79616,,,,,74.65,47.53,,1745209692,,,,63.15,10830900,,,74.60,74.70,150,675,2025-04-21 09:58:11.946
tf,NFO,79616,,,,,74.80,47.83,,1745209693,,,,,,,,,,,,2025-04-21 09:58:12.659
tf,NFO,79616,,,,,74.30,46.84,,1745209694,,,,63.16,10841775,,,74.30,74.50,1350,300,2025-04-21 09:58:13.647
tf,NFO,79616,,,,,74.55,47.33,,1745209695,,,,,,,,,,,,2025-04-21 09:58:14.688
tf,NFO,79616,,,,,74.25,46.74,,1745209695,,,,63.17,10844925,,,74.35,,600,150,2025-04-21 09:58:15.269
tf,NFO,79616,,,,,74.50,47.23,,1745209696,,,,,,,,,,,,2025-04-21 09:58:15.665
tf,NFO,79616,,,,,74.10,46.44,,1745209697,,,,,,,,,,,,2025-04-21 09:58:16.668
tf,NFO,79616,,,,,74.20,46.64,,1745209697,,,,,10847625,,,74.25,74.40,825,,2025-04-21 09:58:16.847
tf,NFO,79616,,,,,74.35,46.94,,1745209698,,,,,,,,,,,,2025-04-21 09:58:18.338
tf,NFO,79616,,,,,74.10,46.44,,1745209699,,,,63.18,10854600,,,74.15,74.20,225,75,2025-04-21 09:58:18.710
tf,NFO,79616,,,,,74.00,46.25,,1745209700,,,,,,,,,,,,2025-04-21 09:58:19.675
tf,NFO,79616,,,,,,,,1745209700,,,,,10857600,,,73.95,74.05,300,,2025-04-21 09:58:20.251
tf,NFO,79616,,,,,74.05,46.34,,1745209701,,,,,,,,,,,,2025-04-21 09:58:20.675
tf,NFO,79616,,,,,74.00,46.25,,1745209702,,,,,,,,,,,,2025-04-21 09:58:21.671
tf,NFO,79616,,,,,,,,1745209702,,,,,10860750,,,,74.15,1200,1050,2025-04-21 09:58:21.859
tf,NFO,79616,,,,,73.75,45.75,,1745209703,,,,,,,,,,,,2025-04-21 09:58:22.673
tf,NFO,79616,,,,,73.60,45.45,,1745209704,,,,,10863375,,,73.50,73.70,,825,2025-04-21 09:58:23.658
tf,NFO,79616,,,,,73.70,45.65,,1745209704,,,,,,,,,,,,2025-04-21 09:58:23.692
tf,NFO,79616,,,,,73.90,46.05,,1745209705,,,,,,,,,,,,2025-04-21 09:58:24.725
