t,e,tk,ts,pp,ls,ti,lp,pc,c,ft,o,h,l,ap,v,oi,poi,bp1,sp1,bq1,sq1,received_timestamp
tk,NFO,79611,NIFTY24APR25P24200,2,75,0.05,278.15,-31.74,407.50,1745209404,364.85,387.80,265.15,313.32,1778325,487200,177075,278.55,279.20,300,75,2025-04-21 09:53:24.041
tf,NFO,79611,,,,,280.90,-31.07,,1745209405,,,,,1778775,,,280.45,281.10,,,2025-04-21 09:53:24.832
tf,NFO,79611,,,,,,,,1745209406,,,,,,,,281.85,282.40,150,150,2025-04-21 09:53:26.445
tf,NFO,79611,,,,,282.60,-30.65,,1745209407,,,,,,,,,,,,2025-04-21 09:53:27.036
tf,NFO,79611,,,,,,,,1745209408,,,,313.31,1778925,,,282.95,283.60,225,225,2025-04-21 09:53:28.068
tf,NFO,79611,,,,,283.85,-30.34,,1745209408,,,,,,,,,,,,2025-04-21 09:53:28.238
tf,NFO,79611,,,,,,,,1745209410,,,,,1779075,,,283.25,283.85,75,450,2025-04-21 09:53:29.674
tf,NFO,79611,,,,,283.25,-30.49,,1745209410,,,,,,,,,,,,2025-04-21 09:53:30.326
tf,NFO,79611,,,,,283.10,-30.53,,1745209411,,,,,1779300,,,282.30,282.90,150,75,2025-04-21 09:53:31.440
tf,NFO,79611,,,,,283.05,-30.54,,1745209411,,,,,,,,,,,,2025-04-21 09:53:31.529
tf,NFO,79611,,,,,284.10,-30.28,,1745209412,,,,,,,,,,,,2025-04-21 09:53:32.566
tf,NFO,79611,,,,,284.40,-30.21,,1745209413,,,,,,,,,,,,2025-04-21 09:53:32.987
tf,NFO,79611,,,,,,,,1745209413,,,,313.29,1780275,,,283.80,284.50,225,150,2025-04-21 09:53:33.082
tf,NFO,79611,,,,,284.25,-30.25,,1745209414,,,,,,,,,,,,2025-04-21 09:53:33.980
tf,NFO,79611,,,,,,,,1745209415,,,,,1780425,,,282.65,283.30,75,,2025-04-21 09:53:34.651
tf,NFO,79611,,,,,283.20,-30.50,,1745209415,,,,,,,,,,,,2025-04-21 09:53:34.935
tf,NFO,79611,,,,,284.25,-30.25,,1745209416,,,,,,,,,,,,2025-04-21 09:53:35.939
tf,NFO,79611,,,,,282.70,-30.63,,1745209416,,,,313.25,1782900,,,282.90,283.45,,,2025-04-21 09:53:36.448
tf,NFO,79611,,,,,282.05,-30.79,,1745209417,,,,,,,,,,,,2025-04-21 09:53:36.932
tf,NFO,79611,,,,,,,,1745209418,,,,313.24,1783500,,,282.15,282.85,,75,2025-04-21 09:53:38.051
tf,NFO,79611,,,,,281.80,-30.85,,1745209420,,,,313.20,1785450,,,281.10,281.65,,150,2025-04-21 09:53:39.955
tf,NFO,79611,,,,,281.65,-30.88,,1745209420,,,,,,,,,,,,2025-04-21 09:53:40.155
tf,NFO,79611,,,,,279.00,-31.53,,1745209421,,,,,,,,,,,,2025-04-21 09:53:40.938
tf,NFO,79611,,,,,,,,1745209421,,,,313.11,1790250,,,278.40,279.00,375,750,2025-04-21 09:53:41.461
tf,NFO,79611,,,,,280.45,-31.18,,1745209422,,,,,,,,,,,,2025-04-21 09:53:42.338
tf,NFO,79611,,,,,,,,1745209423,,,,,1790625,,,280.85,281.70,,825,2025-04-21 09:53:43.070
tf,NFO,79611,,,,,283.30,-30.48,,1745209423,,,,,,,,,,,,2025-04-21 09:53:43.538
tf,NFO,79611,,,,,283.40,-30.45,,1745209424,,,,,,,,,,,,2025-04-21 09:53:43.938
tf,NFO,79611,,,,,,,,1745209425,,,,313.08,1791975,,,280.25,280.85,75,75,2025-04-21 09:53:44.673
tf,NFO,79611,,,,,280.85,-31.08,,1745209425,,,,,,,,,,,,2025-04-21 09:53:44.944
tf,NFO,79611,,,,,282.45,-30.69,,1745209426,,,,,,,,,,,,2025-04-21 09:53:46.245
tf,NFO,79611,,,,,282.30,-30.72,,1745209426,,,,313.04,1794750,,,282.05,282.65,,,2025-04-21 09:53:46.521
tf,NFO,79611,,,,,282.65,-30.64,,1745209427,,,,,,,,,,,,2025-04-21 09:53:46.944
tf,NFO,79611,,,,,282.60,-30.65,,1745209428,,,,,,,,,,,,2025-04-21 09:53:47.969
tf,NFO,79611,,,,,,,,1745209428,,,,313.03,1794900,,,281.35,282.00,150,1125,2025-04-21 09:53:48.077
tf,NFO,79611,,,,,281.70,-30.87,,1745209429,,,,,,,,,,,,2025-04-21 09:53:48.938
tf,NFO,79611,,,,,280.85,-31.08,,1745209430,,,,313.02,1795575,,,280.45,281.05,75,225,2025-04-21 09:53:49.668
tf,NFO,79611,,,,,282.05,-30.79,,1745209431,,,,,,,,,,,,2025-04-21 09:53:50.942
tf,NFO,79611,,,,,,,,1745209431,,,,,1795950,,,280.60,281.25,,300,2025-04-21 09:53:51.279
tf,NFO,79611,,,,,280.15,-31.25,,1745209432,,,,,,,,,,,,2025-04-21 09:53:51.955
tf,NFO,79611,,,,,280.75,-31.10,,1745209433,,,,,,,,,,,,2025-04-21 09:53:53.034
tf,NFO,79611,,,,,,,,1745209433,,,,313.01,1796325,,,281.25,281.85,300,150,2025-04-21 09:53:53.073
tf,NFO,79611,,,,,,,,1745209435,,,,,,,,280.85,281.45,75,75,2025-04-21 09:53:54.698
tf,NFO,79611,,,,,281.25,-30.98,,1745209435,,,,,,,,,,,,2025-04-21 09:53:55.040
tf,NFO,79611,,,,,280.60,-31.14,,1745209436,,,,,,,,,,,,2025-04-21 09:53:56.162
tf,NFO,79611,,,,,,,,1745209436,,,,313.00,1796925,,,279.60,280.25,375,225,2025-04-21 09:53:56.288
tf,NFO,79611,,,,,282.00,-30.80,,1745209437,,,,,,,,,,,,2025-04-21 09:53:57.343
tf,NFO,79611,,,,,281.95,-30.81,,1745209438,,,,,,,,,,,,2025-04-21 09:53:57.949
tf,NFO,79611,,,,,,,,1745209438,,,,312.99,1797150,,,280.40,281.05,75,375,2025-04-21 09:53:58.084
tf,NFO,79611,,,,,281.00,-31.04,,1745209439,,,,,,,,,,,,2025-04-21 09:53:58.979
tf,NFO,79611,,,,,279.10,-31.51,,1745209440,,,,,1797450,,,278.70,279.30,,75,2025-04-21 09:53:59.831
tf,NFO,79611,,,,,278.90,-31.56,,1745209441,,,,,,,,,,,,2025-04-21 09:54:01.035
tf,NFO,79611,,,,,280.70,-31.12,,1745209441,,,,312.96,1798725,,,280.35,281.00,150,225,2025-04-21 09:54:01.296
tf,NFO,79611,,,,,280.30,-31.21,,1745209442,,,,,,,,,,,,2025-04-21 09:54:02.029
tf,NFO,79611,,,,,279.45,-31.42,,1745209443,,,,,,,,,,,,2025-04-21 09:54:02.949
tf,NFO,79611,,,,,,,,1745209443,,,,312.95,1799475,,,278.75,279.35,75,150,2025-04-21 09:54:03.092
tf,NFO,79611,,,,,279.30,-31.46,,1745209444,,,,,,,,,,,,2025-04-21 09:54:03.964
tf,NFO,79611,,,,,281.85,-30.83,,1745209445,,,,312.89,1803075,,,280.20,280.80,,225,2025-04-21 09:54:04.710
tf,NFO,79611,,,,,281.75,-30.86,,1745209446,,,,,,,,,,,,2025-04-21 09:54:05.958
tf,NFO,79611,,,,,,,,1745209446,,,,312.87,1804350,,,281.70,282.05,450,525,2025-04-21 09:54:06.349
tf,NFO,79611,,,,,282.05,-30.79,,1745209447,,,,,,,,,,,,2025-04-21 09:54:06.952
tf,NFO,79611,,,,,279.85,-31.33,,1745209448,,,,,,,,,,,,2025-04-21 09:54:07.951
tf,NFO,79611,,,,,,,,1745209448,,,,312.85,1805475,,,279.20,279.65,300,75,2025-04-21 09:54:08.093
tf,NFO,79611,,,,,,,,1745209450,,,,,,,,280.15,280.75,150,,2025-04-21 09:54:09.703
tf,NFO,79611,,,,,281.85,-30.83,,1745209451,,,,,,,,,,,,2025-04-21 09:54:10.761
tf,NFO,79611,,,,,,,,1745209451,,,,312.84,1805550,,,280.85,281.40,75,300,2025-04-21 09:54:11.329
tf,NFO,79611,,,,,280.85,-31.08,,1745209452,,,,,,,,,,,,2025-04-21 09:54:11.956
tf,NFO,79611,,,,,281.40,-30.94,,1745209453,,,,,,,,,,,,2025-04-21 09:54:12.980
tf,NFO,79611,,,,,,,,1745209453,,,,312.83,1806225,,,281.75,282.40,,75,2025-04-21 09:54:13.137
tf,NFO,79611,,,,,,,,1745209455,,,,,,,,280.65,281.30,450,150,2025-04-21 09:54:14.719
tf,NFO,79611,,,,,281.00,-31.04,,1745209455,,,,,,,,,,,,2025-04-21 09:54:15.058
tf,NFO,79611,,,,,280.50,-31.17,,1745209456,,,,,,,,,,,,2025-04-21 09:54:15.959
tf,NFO,79611,,,,,279.20,-31.48,,1745209456,,,,312.82,1806750,,,278.85,279.45,75,75,2025-04-21 09:54:16.338
tf,NFO,79611,,,,,278.50,-31.66,,1745209457,,,,,,,,,,,,2025-04-21 09:54:17.047
tf,NFO,79611,,,,,279.35,-31.45,,1745209458,,,,,,,,,,,,2025-04-21 09:54:17.956
tf,NFO,79611,,,,,,,,1745209458,,,,,1807125,,,279.10,279.70,,,2025-04-21 09:54:18.124
tf,NFO,79611,,,,,278.40,-31.68,,1745209459,,,,,,,,,,,,2025-04-21 09:54:19.119
tf,NFO,79611,,,,,275.90,-32.29,,1745209460,,,,312.78,1808775,,,276.00,276.65,450,150,2025-04-21 09:54:20.121
tf,NFO,79611,,,,,277.45,-31.91,,1745209461,,,,,,,,,,,,2025-04-21 09:54:21.199
tf,NFO,79611,,,,,275.75,-32.33,,1745209461,,,,,1809000,,,275.75,276.50,150,300,2025-04-21 09:54:21.411
tf,NFO,79611,,,,,276.15,-32.23,,1745209462,,,,,,,,,,,,2025-04-21 09:54:21.959
tf,NFO,79611,,,,,275.20,-32.47,,1745209463,,,,,,,,,,,,2025-04-21 09:54:22.989
tf,NFO,79611,,,,,,,,1745209463,,,,312.77,1809300,,,275.60,276.25,75,225,2025-04-21 09:54:23.189
tf,NFO,79611,,,,,274.90,-32.54,,1745209464,,,,,,,,,,,,2025-04-21 09:54:24.034
tf,NFO,79611,,,,,275.85,-32.31,,1745209465,,,,312.71,1812150,,,275.40,276.00,300,,2025-04-21 09:54:24.762
tf,NFO,79611,,,,,276.00,-32.27,,1745209466,,,,,,,,,,,,2025-04-21 09:54:26.037
tf,NFO,79611,,,,,,,,1745209466,,,,,1812450,,,275.95,276.60,75,675,2025-04-21 09:54:26.618
tf,NFO,79611,,,,,276.65,-32.11,,1745209467,,,,,,,,,,,,2025-04-21 09:54:26.968
tf,NFO,79611,,,,,277.20,-31.98,,1745209468,,,,,,,,,,,,2025-04-21 09:54:27.962
tf,NFO,79611,,,,,276.85,-32.06,,1745209468,,,,312.59,1818075,,,276.15,276.80,,225,2025-04-21 09:54:28.144
tf,NFO,79611,,,,,276.60,-32.12,,1745209469,,,,,,,,,,,,2025-04-21 09:54:28.965
tf,NFO,79611,,,,,,,,1745209470,,,,,1818150,,,275.15,275.75,,150,2025-04-21 09:54:29.733
tf,NFO,79611,,,,,276.55,-32.13,,1745209471,,,,,,,,,,,,2025-04-21 09:54:31.162
tf,NFO,79611,,,,,276.15,-32.23,,1745209471,,,,,1818300,,,275.45,276.15,150,375,2025-04-21 09:54:31.343
tf,NFO,79611,,,,,,,,1745209473,,,,,,,,277.50,278.00,900,75,2025-04-21 09:54:33.211
tf,NFO,79611,,,,,276.70,-32.10,,1745209474,,,,,,,,,,,,2025-04-21 09:54:33.806
tf,NFO,79611,,,,,276.00,-32.27,,1745209474,,,,,,,,,,,,2025-04-21 09:54:34.050
tf,NFO,79611,,,,,,,,1745209475,,,,312.57,1819125,,,276.00,276.60,75,375,2025-04-21 09:54:34.820
tf,NFO,79611,,,,,276.45,-32.16,,1745209475,,,,,,,,,,,,2025-04-21 09:54:35.012
tf,NFO,79611,,,,,276.30,-32.20,,1745209476,,,,,,,,,,,,2025-04-21 09:54:35.968
tf,NFO,79611,,,,,276.10,-32.25,,1745209476,,,,312.55,1820250,,,275.60,276.20,,300,2025-04-21 09:54:36.344
tf,NFO,79611,,,,,,,,1745209478,,,,,,,,275.75,276.35,150,75,2025-04-21 09:54:38.138
tf,NFO,79611,,,,,274.50,-32.64,,1745209479,,,,,,500475,,,,,,2025-04-21 09:54:39.572
tf,NFO,79611,,,,,,,,1745209480,,,,312.53,1821150,,,274.60,275.25,,300,2025-04-21 09:54:39.748
tf,NFO,79611,,,,,273.90,-32.79,,1745209480,,,,,,,,,,,,2025-04-21 09:54:40.570
tf,NFO,79611,,,,,274.65,-32.60,,1745209481,,,,,,,,,,,,2025-04-21 09:54:40.974
tf,NFO,79611,,,,,274.80,-32.56,,1745209481,,,,312.43,1825875,,,273.55,274.15,,75,2025-04-21 09:54:41.351
tf,NFO,79611,,,,,273.30,-32.93,,1745209483,,,,,,,,,,,,2025-04-21 09:54:42.975
tf,NFO,79611,,,,,273.85,-32.80,,1745209483,,,,312.41,1827075,,,273.80,274.45,525,525,2025-04-21 09:54:43.149
tf,NFO,79611,,,,,273.90,-32.79,,1745209484,,,,,,,,,,,,2025-04-21 09:54:43.983
tf,NFO,79611,,,,,,,,1745209485,,,,312.40,1827225,,,273.55,274.15,225,75,2025-04-21 09:54:44.754
tf,NFO,79611,,,,,274.90,-32.54,,1745209485,,,,,,,,,,,,2025-04-21 09:54:45.294
tf,NFO,79611,,,,,273.35,-32.92,,1745209486,,,,,,,,,,,,2025-04-21 09:54:46.063
tf,NFO,79611,,,,,,,,1745209486,,,,312.39,1828050,,,273.80,274.45,150,525,2025-04-21 09:54:46.513
tf,NFO,79611,,,,,275.00,-32.52,,1745209487,,,,,,,,,,,,2025-04-21 09:54:47.005
tf,NFO,79611,,,,,273.00,-33.01,,1745209488,,,,312.32,1831350,,,272.90,273.50,,75,2025-04-21 09:54:48.154
tf,NFO,79611,,,,,,,,1745209490,,,,,,,,273.20,273.75,75,225,2025-04-21 09:54:49.772
tf,NFO,79611,,,,,272.90,-33.03,,1745209490,,,,,,,,,,,,2025-04-21 09:54:50.176
tf,NFO,79611,,,,,,,,1745209491,,,,312.28,1833150,,,274.45,275.20,300,75,2025-04-21 09:54:51.391
tf,NFO,79611,,,,,273.05,-32.99,,1745209493,,,,,,,,,,,,2025-04-21 09:54:53.033
tf,NFO,79611,,,,,,,,1745209493,,,,,1833225,,,272.65,273.20,225,,2025-04-21 09:54:53.237
tf,NFO,79611,,,,,271.50,-33.37,,1745209494,,,,,,,,,,,,2025-04-21 09:54:54.000
tf,NFO,79611,,,,,,,,1745209495,,,,312.25,1834425,,,271.25,271.90,150,225,2025-04-21 09:54:54.792
tf,NFO,79611,,,,,272.45,-33.14,,1745209496,,,,,,,,,,,,2025-04-21 09:54:55.779
tf,NFO,79611,,,,,273.25,-32.94,,1745209496,,,,,,,,,,,,2025-04-21 09:54:55.998
tf,NFO,79611,,,,,,,,1745209496,,,,,1834575,,,271.70,272.30,375,375,2025-04-21 09:54:56.368
tf,NFO,79611,,,,,272.85,-33.04,,1745209497,,,,,,,,,,,,2025-04-21 09:54:56.991
tf,NFO,79611,,,,,274.05,-32.75,,1745209498,,,,,,,,,,,,2025-04-21 09:54:58.098
tf,NFO,79611,,,,,,,,1745209498,,,,312.23,1835250,,,272.25,272.95,150,75,2025-04-21 09:54:58.218
tf,NFO,79611,,,,,271.05,-33.48,,1745209499,,,,,,,,,,,,2025-04-21 09:54:59.801
tf,NFO,79611,,,,,270.65,-33.58,,1745209500,,,,312.14,1839300,,,270.35,271.05,75,,2025-04-21 09:55:00.021
tf,NFO,79611,,,,,273.00,-33.01,,1745209501,,,,,1839450,,,272.15,272.80,,225,2025-04-21 09:55:01.374
tf,NFO,79611,,,,,,,,1745209503,,,,,,,,273.10,273.75,375,75,2025-04-21 09:55:03.175
tf,NFO,79611,,,,,272.80,-33.06,,1745209503,,,,,,,,,,,,2025-04-21 09:55:03.384
tf,NFO,79611,,,,,273.50,-32.88,,1745209504,,,,,,,,,,,,2025-04-21 09:55:04.002
tf,NFO,79611,,,,,271.65,-33.34,,1745209505,,,,312.13,1839900,,,271.00,271.70,75,450,2025-04-21 09:55:04.832
tf,NFO,79611,,,,,271.55,-33.36,,1745209505,,,,,,,,,,,,2025-04-21 09:55:04.987
tf,NFO,79611,,,,,271.60,-33.35,,1745209506,,,,,,,,,,,,2025-04-21 09:55:05.989
tf,NFO,79611,,,,,,,,1745209506,,,,312.12,1840125,,,271.65,272.30,600,75,2025-04-21 09:55:06.409
tf,NFO,79611,,,,,271.05,-33.48,,1745209507,,,,,,,,,,,,2025-04-21 09:55:06.990
tf,NFO,79611,,,,,271.00,-33.50,,1745209508,,,,,,,,,,,,2025-04-21 09:55:08.072
tf,NFO,79611,,,,,270.55,-33.61,,1745209508,,,,312.11,1840500,,,269.55,270.15,75,225,2025-04-21 09:55:08.236
tf,NFO,79611,,,,,268.95,-34.00,,1745209510,,,,,1840650,,,268.80,269.00,525,300,2025-04-21 09:55:09.791
tf,NFO,79611,,,,,269.00,-33.99,,1745209510,,,,,,,,,,,,2025-04-21 09:55:09.991
tf,NFO,79611,,,,,268.90,-34.01,,1745209511,,,,,,,,,,,,2025-04-21 09:55:11.192
tf,NFO,79611,,,,,267.45,-34.37,,1745209511,,,,312.05,1842975,,,266.90,267.60,300,75,2025-04-21 09:55:11.413
tf,NFO,79611,,,,,267.30,-34.40,,1745209512,,,,,,,,,,,,2025-04-21 09:55:12.087
tf,NFO,79611,,,,,268.00,-34.23,,1745209513,,,,,,,,,,,,2025-04-21 09:55:13.107
tf,NFO,79611,,,,,267.85,-34.27,,1745209513,,,,311.86,1851075,,,267.25,267.85,75,,2025-04-21 09:55:13.308
tf,NFO,79611,,,,,266.95,-34.49,,1745209514,,,,,,,,,,,,2025-04-21 09:55:14.006
tf,NFO,79611,,,,,265.00,-34.97,,1745209515,,,264.60,311.76,1855350,,,265.05,265.65,,600,2025-04-21 09:55:14.825
tf,NFO,79611,,,,,264.25,-35.15,,1745209516,,,,,,,,,,,,2025-04-21 09:55:15.999
tf,NFO,79611,,,,,264.75,-35.03,,1745209516,,,264.00,311.68,1858500,,,264.15,264.80,225,75,2025-04-21 09:55:16.427
tf,NFO,79611,,,,,255.30,-37.35,,1745209517,,,,,,,,,,,,2025-04-21 09:55:17.212
tf,NFO,79611,,,,,256.05,-37.17,,1745209518,,,,,,,,,,,,2025-04-21 09:55:18.198
tf,NFO,79611,,,,,,,,1745209518,,,254.10,311.26,1873350,,,255.40,256.20,75,150,2025-04-21 09:55:18.216
tf,NFO,79611,,,,,254.00,-37.67,,1745209519,,,,,,,,,,,,2025-04-21 09:55:19.040
tf,NFO,79611,,,,,255.60,-37.28,,1745209520,,,253.95,311.20,1875450,,,254.40,255.05,300,,2025-04-21 09:55:19.910
tf,NFO,79611,,,,,254.00,-37.67,,1745209521,,,,,,,,,,,,2025-04-21 09:55:21.008
tf,NFO,79611,,,,,,,,1745209521,,,,311.18,1876050,,,253.70,254.30,375,,2025-04-21 09:55:21.431
tf,NFO,79611,,,,,252.40,-38.06,,1745209522,,,,,,,,,,,,2025-04-21 09:55:22.199
tf,NFO,79611,,,,,253.50,-37.79,,1745209523,,,,,,,,,,,,2025-04-21 09:55:22.997
tf,NFO,79611,,,,,254.15,-37.63,,1745209523,,,252.40,311.07,1879500,,,254.10,254.75,,,2025-04-21 09:55:23.228
tf,NFO,79611,,,,,255.20,-37.37,,1745209524,,,,,,,,,,,,2025-04-21 09:55:24.039
tf,NFO,79611,,,,,255.50,-37.30,,1745209525,,,,310.99,1882200,,,254.85,255.40,75,,2025-04-21 09:55:24.846
tf,NFO,79611,,,,,255.10,-37.40,,1745209525,,,,,,,,,,,,2025-04-21 09:55:25.030
tf,NFO,79611,,,,,256.70,-37.01,,1745209526,,,,,,,,,,,,2025-04-21 09:55:26.084
tf,NFO,79611,,,,,255.80,-37.23,,1745209526,,,,310.95,1883625,,,255.65,256.20,225,,2025-04-21 09:55:26.460
tf,NFO,79611,,,,,254.25,-37.61,,1745209527,,,,,,,,,,,,2025-04-21 09:55:27.220
tf,NFO,79611,,,,,254.80,-37.47,,1745209528,,,,,,,,,,,,2025-04-21 09:55:28.000
tf,NFO,79611,,,,,254.00,-37.67,,1745209528,,,,310.94,1884150,,,253.65,254.35,525,,2025-04-21 09:55:28.232
tf,NFO,79611,,,,,253.45,-37.80,,1745209529,,,,,,,,,,,,2025-04-21 09:55:29.001
tf,NFO,79611,,,,,254.40,-37.57,,1745209530,,,251.95,310.85,1886925,,,254.55,255.25,450,225,2025-04-21 09:55:29.832
tf,NFO,79611,,,,,255.50,-37.30,,1745209530,,,,,,,,,,,,2025-04-21 09:55:30.017
tf,NFO,79611,,,,,255.35,-37.34,,1745209531,,,,,,,,,,,,2025-04-21 09:55:31.005
tf,NFO,79611,,,,,255.90,-37.20,,1745209531,,,,310.73,1890900,,,255.65,256.20,150,75,2025-04-21 09:55:31.452
tf,NFO,79611,,,,,255.60,-37.28,,1745209533,,,,,,,,,,,,2025-04-21 09:55:33.061
tf,NFO,79611,,,,,254.80,-37.47,,1745209533,,,,310.60,1895625,,,254.50,255.05,75,,2025-04-21 09:55:33.246
tf,NFO,79611,,,,,254.95,-37.44,,1745209534,,,,,,,,,,,,2025-04-21 09:55:34.010
tf,NFO,79611,,,,,255.65,-37.26,,1745209535,,,,310.59,1895925,,,255.20,255.65,,225,2025-04-21 09:55:34.843
tf,NFO,79611,,,,,258.00,-36.69,,1745209536,,,,,,,,,,,,2025-04-21 09:55:36.025
tf,NFO,79611,,,,,,,,1745209536,,,,310.58,1896225,,,256.90,257.50,,150,2025-04-21 09:55:36.431
tf,NFO,79611,,,,,256.60,-37.03,,1745209537,,,,,,,,,,,,2025-04-21 09:55:37.036
tf,NFO,79611,,,,,254.85,-37.46,,1745209538,,,,,,,,,,,,2025-04-21 09:55:38.018
tf,NFO,79611,,,,,,,,1745209538,,,,310.52,1898175,,,255.35,255.75,,75,2025-04-21 09:55:38.265
tf,NFO,79611,,,,,256.05,-37.17,,1745209539,,,,,,,,,,,,2025-04-21 09:55:39.133
tf,NFO,79611,,,,,255.05,-37.41,,1745209540,,,,310.47,1899975,,,254.65,255.20,,150,2025-04-21 09:55:39.975
tf,NFO,79611,,,,,255.20,-37.37,,1745209540,,,,,,,,,,,,2025-04-21 09:55:40.167
tf,NFO,79611,,,,,255.00,-37.42,,1745209541,,,,,,,,,,,,2025-04-21 09:55:41.031
tf,NFO,79611,,,,,255.25,-37.36,,1745209541,,,,310.46,1900350,,,254.85,255.45,,75,2025-04-21 09:55:41.571
tf,NFO,79611,,,,,254.15,-37.63,,1745209543,,,,,,,,,,,,2025-04-21 09:55:43.212
tf,NFO,79611,,,,,,,,1745209543,,,,310.45,1900650,,,254.50,255.10,,300,2025-04-21 09:55:43.236
tf,NFO,79611,,,,,254.80,-37.47,,1745209544,,,,,,,,,,,,2025-04-21 09:55:44.021
tf,NFO,79611,,,,,255.25,-37.36,,1745209545,,,,310.34,1904325,,,255.15,255.75,375,75,2025-04-21 09:55:44.842
tf,NFO,79611,,,,,255.30,-37.35,,1745209545,,,,,,,,,,,,2025-04-21 09:55:45.077
tf,NFO,79611,,,,,256.80,-36.98,,1745209546,,,,,,,,,,,,2025-04-21 09:55:46.078
tf,NFO,79611,,,,,,,,1745209546,,,,310.31,1905525,,,256.40,256.95,75,,2025-04-21 09:55:46.531
tf,NFO,79611,,,,,257.25,-36.87,,1745209547,,,,,,,,,,,,2025-04-21 09:55:47.021
tf,NFO,79611,,,,,257.55,-36.80,,1745209548,,,,,,,,,,,,2025-04-21 09:55:48.015
tf,NFO,79611,,,,,256.60,-37.03,,1745209548,,,,310.27,1906875,,,255.85,256.40,225,,2025-04-21 09:55:48.245
tf,NFO,79611,,,,,255.00,-37.42,,1745209549,,,,,,,,,,,,2025-04-21 09:55:49.020
tf,NFO,79611,,,,,255.80,-37.23,,1745209550,,,,310.26,1907175,,,255.05,255.55,150,,2025-04-21 09:55:49.856
tf,NFO,79611,,,,,255.70,-37.25,,1745209551,,,,,,,,,,,,2025-04-21 09:55:51.020
tf,NFO,79611,,,,,256.90,-36.96,,1745209551,,,,310.25,1907475,,,255.95,256.65,75,600,2025-04-21 09:55:51.468
tf,NFO,79611,,,,,256.45,-37.07,,1745209552,,,,,,,,,,,,2025-04-21 09:55:52.057
tf,NFO,79611,,,,,257.15,-36.90,,1745209553,,,,,,,,,,,,2025-04-21 09:55:53.045
tf,NFO,79611,,,,,259.65,-36.28,,1745209553,,,,310.23,1908300,,,259.30,260.00,150,1275,2025-04-21 09:55:53.255
tf,NFO,79611,,,,,259.05,-36.43,,1745209554,,,,,,,,,,,,2025-04-21 09:55:54.020
tf,NFO,79611,,,,,258.55,-36.55,,1745209555,,,,310.21,1909275,,,258.15,258.80,75,150,2025-04-21 09:55:54.860
tf,NFO,79611,,,,,258.35,-36.60,,1745209556,,,,,,,,,,,,2025-04-21 09:55:56.026
tf,NFO,79611,,,,,258.80,-36.49,,1745209556,,,,310.18,1910400,,,258.85,259.45,,600,2025-04-21 09:55:56.474
tf,NFO,79611,,,,,258.70,-36.52,,1745209558,,,,,,,,,,,,2025-04-21 09:55:58.021
tf,NFO,79611,,,,,260.90,-35.98,,1745209558,,,,310.03,1915950,,,260.45,261.10,,75,2025-04-21 09:55:58.377
tf,NFO,79611,,,,,261.30,-35.88,,1745209559,,,,,,,,,,,,2025-04-21 09:55:59.021
tf,NFO,79611,,,,,265.00,-34.97,,1745209560,,,,309.89,1922025,,,264.90,265.65,150,,2025-04-21 09:55:59.869
tf,NFO,79611,,,,,263.60,-35.31,,1745209561,,,,,,,,,,,,2025-04-21 09:56:01.069
tf,NFO,79611,,,,,,,,1745209561,,,,309.86,1923225,,,263.20,263.55,300,,2025-04-21 09:56:01.476
tf,NFO,79611,,,,,263.85,-35.25,,1745209562,,,,,,,,,,,,2025-04-21 09:56:02.031
tf,NFO,79611,,,,,263.90,-35.24,,1745209563,,,,,,,,,,,,2025-04-21 09:56:03.026
tf,NFO,79611,,,,,263.95,-35.23,,1745209563,,,,309.82,1924575,,,263.95,264.55,75,150,2025-04-21 09:56:03.266
tf,NFO,79611,,,,,265.05,-34.96,,1745209564,,,,,,,,,,,,2025-04-21 09:56:04.228
tf,NFO,79611,,,,,266.00,-34.72,,1745209565,,,,309.81,1925400,,,264.00,,,300,2025-04-21 09:56:04.919
tf,NFO,79611,,,,,265.05,-34.96,,1745209566,,,,,,,,,,,,2025-04-21 09:56:06.148
tf,NFO,79611,,,,,264.90,-34.99,,1745209566,,,,309.80,1925775,,,264.35,264.90,150,225,2025-04-21 09:56:06.488
tf,NFO,79611,,,,,263.55,-35.33,,1745209567,,,,,,,,,,,,2025-04-21 09:56:07.026
tf,NFO,79611,,,,,264.05,-35.20,,1745209568,,,,,,,,,,,,2025-04-21 09:56:08.030
tf,NFO,79611,,,,,263.05,-35.45,,1745209568,,,,309.78,1926675,,,261.95,262.55,225,150,2025-04-21 09:56:08.273
tf,NFO,79611,,,,,264.20,-35.17,,1745209569,,,,,,,,,,,,2025-04-21 09:56:09.028
tf,NFO,79611,,,,,264.35,-35.13,,1745209570,,,,309.73,1928400,,,264.25,264.60,75,750,2025-04-21 09:56:09.879
tf,NFO,79611,,,,,264.20,-35.17,,1745209570,,,,,,,,,,,,2025-04-21 09:56:10.054
tf,NFO,79611,,,,,264.60,-35.07,,1745209571,,,,,,,,,,,,2025-04-21 09:56:11.031
tf,NFO,79611,,,,,,,,1745209571,,,,309.72,1928850,,,264.10,,,450,2025-04-21 09:56:11.548
tf,NFO,79611,,,,,264.10,-35.19,,1745209572,,,,,,,,,,,,2025-04-21 09:56:12.098
tf,NFO,79611,,,,,,,,1745209573,,,,309.69,1930275,,,263.45,264.10,,150,2025-04-21 09:56:13.322
tf,NFO,79611,,,,,263.35,-35.37,,1745209574,,,,,,,,,,,,2025-04-21 09:56:14.340
tf,NFO,79611,,,,,,,,1745209575,,,,,1930425,,,262.90,263.50,150,75,2025-04-21 09:56:14.952
tf,NFO,79611,,,,,262.85,-35.50,,1745209575,,,,,,,,,,,,2025-04-21 09:56:15.167
tf,NFO,79611,,,,,263.20,-35.41,,1745209576,,,,,,,,,,,,2025-04-21 09:56:16.036
tf,NFO,79611,,,,,263.60,-35.31,,1745209576,,,,309.64,1932450,,,263.75,264.40,75,150,2025-04-21 09:56:16.538
tf,NFO,79611,,,,,263.85,-35.25,,1745209577,,,,,,,,,,,,2025-04-21 09:56:17.035
tf,NFO,79611,,,,,263.10,-35.44,,1745209578,,,,,,,,,,,,2025-04-21 09:56:18.081
tf,NFO,79611,,,,,262.85,-35.50,,1745209578,,,,309.62,1933350,,,262.20,262.85,300,75,2025-04-21 09:56:18.312
tf,NFO,79611,,,,,263.85,-35.25,,1745209579,,,,,,,,,,,,2025-04-21 09:56:19.071
tf,NFO,79611,,,,,264.35,-35.13,,1745209580,,,,309.59,1934550,,,263.75,264.35,75,600,2025-04-21 09:56:19.898
tf,NFO,79611,,,,,263.90,-35.24,,1745209581,,,,,,,,,,,,2025-04-21 09:56:21.040
tf,NFO,79611,,,,,265.10,-34.94,,1745209581,,,,309.58,1935075,,,265.20,265.85,150,150,2025-04-21 09:56:21.511
tf,NFO,79611,,,,,266.00,-34.72,,1745209582,,,,,,,,,,,,2025-04-21 09:56:22.038
tf,NFO,79611,,,,,265.35,-34.88,,1745209583,,,,,,,,,,,,2025-04-21 09:56:23.048
tf,NFO,79611,,,,,,,,1745209583,,,,309.57,1935525,,,266.50,267.05,75,75,2025-04-21 09:56:23.297
tf,NFO,79611,,,,,268.00,-34.23,,1745209584,,,,,,,,,,,,2025-04-21 09:56:24.042
tf,NFO,79611,,,,,266.95,-34.49,,1745209585,,,,309.53,1937175,,,266.25,266.80,,150,2025-04-21 09:56:24.986
tf,NFO,79611,,,,,267.75,-34.29,,1745209586,,,,,,,,,,,,2025-04-21 09:56:26.056
tf,NFO,79611,,,,,267.35,-34.39,,1745209586,,,,309.52,1937700,,,267.10,267.70,225,75,2025-04-21 09:56:26.509
tf,NFO,79611,,,,,268.10,-34.21,,1745209587,,,,,,,,,,,,2025-04-21 09:56:27.251
tf,NFO,79611,,,,,269.80,-33.79,,1745209588,,,,,,,,,,,,2025-04-21 09:56:28.043
tf,NFO,79611,,,,,270.00,-33.74,,1745209588,,,,309.45,1940775,,,270.00,270.40,75,450,2025-04-21 09:56:28.307
tf,NFO,79611,,,,,268.05,-34.22,,1745209589,,,,,,,,,,,,2025-04-21 09:56:29.044
tf,NFO,79611,,,,,266.70,-34.55,,1745209590,,,,309.44,1941600,,,266.85,267.45,300,75,2025-04-21 09:56:30.019
tf,NFO,79611,,,,,267.00,-34.48,,1745209590,,,,,,,,,,,,2025-04-21 09:56:30.055
tf,NFO,79611,,,,,267.70,-34.31,,1745209591,,,,,,,,,,,,2025-04-21 09:56:31.047
tf,NFO,79611,,,,,265.90,-34.75,,1745209591,,,,309.42,1942425,,,265.55,266.15,75,,2025-04-21 09:56:31.621
tf,NFO,79611,,,,,265.10,-34.94,,1745209592,,,,,,,,,,,,2025-04-21 09:56:32.054
tf,NFO,79611,,,,,,,,1745209593,,,,,1942500,,,265.15,265.75,375,,2025-04-21 09:56:33.316
tf,NFO,79611,,,,,265.25,-34.91,,1745209593,,,,,,,,,,,,2025-04-21 09:56:33.441
tf,NFO,79611,,,,,265.30,-34.90,,1745209594,,,,,,,,,,,,2025-04-21 09:56:34.444
tf,NFO,79611,,,,,264.80,-35.02,,1745209595,,,,309.39,1943775,,,264.55,265.15,75,225,2025-04-21 09:56:34.916
tf,NFO,79611,,,,,263.55,-35.33,,1745209596,,,,,,,,,,,,2025-04-21 09:56:36.054
tf,NFO,79611,,,,,264.20,-35.17,,1745209596,,,,309.34,1945875,,,263.60,264.15,,75,2025-04-21 09:56:36.523
tf,NFO,79611,,,,,262.50,-35.58,,1745209598,,,,,,,,,,,,2025-04-21 09:56:38.106
tf,NFO,79611,,,,,,,,1745209598,,,,309.30,1947450,,,262.55,263.20,,225,2025-04-21 09:56:38.353
tf,NFO,79611,,,,,263.45,-35.35,,1745209599,,,,,,,,,,,,2025-04-21 09:56:39.140
tf,NFO,79611,,,,,262.80,-35.51,,1745209600,,,,309.26,1949250,,,262.70,263.25,,75,2025-04-21 09:56:39.926
tf,NFO,79611,,,,,261.80,-35.75,,1745209601,,,,,,,,,,,,2025-04-21 09:56:41.055
tf,NFO,79611,,,,,262.30,-35.63,,1745209601,,,,309.25,1949775,,,262.30,262.85,,,2025-04-21 09:56:41.554
tf,NFO,79611,,,,,262.75,-35.52,,1745209602,,,,,,,,,,,,2025-04-21 09:56:42.063
tf,NFO,79611,,,,,263.10,-35.44,,1745209603,,,,309.24,1950150,,,262.45,263.05,,,2025-04-21 09:56:43.331
tf,NFO,79611,,,,,261.65,-35.79,,1745209604,,,,,,,,,,,,2025-04-21 09:56:44.056
tf,NFO,79611,,,,,,,,1745209605,,,,309.22,1950750,,,261.00,261.65,225,150,2025-04-21 09:56:44.962
tf,NFO,79611,,,,,261.35,-35.87,,1745209605,,,,,,,,,,,,2025-04-21 09:56:45.282
tf,NFO,79611,,,,,261.50,-35.83,,1745209606,,,,,,,,,,,,2025-04-21 09:56:46.292
tf,NFO,79611,,,,,,,,1745209606,,,,309.20,1951650,,,261.50,262.05,75,75,2025-04-21 09:56:46.561
tf,NFO,79611,,,,,261.75,-35.77,,1745209607,,,,,,,,,,,,2025-04-21 09:56:47.110
tf,NFO,79611,,,,,261.90,-35.73,,1745209608,,,,,,,,,,,,2025-04-21 09:56:48.138
tf,NFO,79611,,,,,,,,1745209608,,,,309.16,1953450,,,261.40,261.95,150,,2025-04-21 09:56:48.409
tf,NFO,79611,,,,,262.80,-35.51,,1745209609,,,,,,,,,,,,2025-04-21 09:56:49.054
tf,NFO,79611,,,,,264.00,-35.21,,1745209610,,,,309.15,1953750,,,263.55,264.20,450,150,2025-04-21 09:56:49.965
tf,NFO,79611,,,,,263.25,-35.40,,1745209611,,,,,,,,,,,,2025-04-21 09:56:51.077
tf,NFO,79611,,,,,,,,1745209611,,,,309.14,1953975,,,262.25,262.80,75,75,2025-04-21 09:56:52.280
tf,NFO,79611,,,,,,,,1745209613,,,,,,,,262.35,262.90,225,,2025-04-21 09:56:53.345
tf,NFO,79611,,,,,262.35,-35.62,,1745209613,,,,,,,,,,,,2025-04-21 09:56:53.457
tf,NFO,79611,,,,,262.65,-35.55,,1745209614,,,,,,,,,,,,2025-04-21 09:56:54.260
tf,NFO,79611,,,,,,,,1745209615,,,,,1954125,,,,263.00,600,150,2025-04-21 09:56:54.950
tf,NFO,79611,,,,,262.00,-35.71,,1745209615,,,,,,,,,,,,2025-04-21 09:56:55.483
tf,NFO,79611,,,,,261.55,-35.82,,1745209616,,,,,,,,,,,,2025-04-21 09:56:56.060
tf,NFO,79611,,,,,262.25,-35.64,,1745209616,,,,309.12,1954875,,,261.80,262.40,450,75,2025-04-21 09:56:56.564
tf,NFO,79611,,,,,261.00,-35.95,,1745209618,,,,,,,,,,,,2025-04-21 09:56:58.169
tf,NFO,79611,,,,,,,,1745209618,,,,,1954950,,,261.35,262.05,225,,2025-04-21 09:56:58.416
tf,NFO,79611,,,,,261.90,-35.73,,1745209620,,,,,,,,,,,,2025-04-21 09:56:59.657
tf,NFO,79611,,,,,,,,1745209620,,,,309.11,1955250,,,260.50,260.85,750,,2025-04-21 09:56:59.984
tf,NFO,79611,,,,,260.60,-36.05,,1745209620,,,,,,,,,,,,2025-04-21 09:57:00.061
tf,NFO,79611,,,,,260.00,-36.20,,1745209621,,,,,,,,,,,,2025-04-21 09:57:01.093
tf,NFO,79611,,,,,259.75,-36.26,,1745209621,,,,309.05,1957725,,,259.60,260.20,150,225,2025-04-21 09:57:01.591
tf,NFO,79611,,,,,259.30,-36.37,,1745209622,,,,,,,,,,,,2025-04-21 09:57:02.077
tf,NFO,79611,,,,,259.60,-36.29,,1745209623,,,,,,,,,,,,2025-04-21 09:57:03.067
tf,NFO,79611,,,,,259.85,-36.23,,1745209623,,,,309.00,1959675,,,259.90,260.40,,75,2025-04-21 09:57:03.364
tf,NFO,79611,,,,,260.10,-36.17,,1745209624,,,,,,,,,,,,2025-04-21 09:57:04.071
tf,NFO,79611,,,,,262.00,-35.71,,1745209625,,,,308.98,1960725,,,260.95,261.45,75,,2025-04-21 09:57:05.114
tf,NFO,79611,,,,,260.45,-36.09,,1745209626,,,,,,,,,,,,2025-04-21 09:57:06.069
tf,NFO,79611,,,,,260.95,-35.96,,1745209626,,,,308.96,1961400,,,260.35,260.85,,,2025-04-21 09:57:06.570
tf,NFO,79611,,,,,260.55,-36.06,,1745209628,,,,,,,,,,,,2025-04-21 09:57:08.070
tf,NFO,79611,,,,,,,,1745209628,,,,,1961550,,,261.05,261.60,,1050,2025-04-21 09:57:08.200
tf,NFO,79611,,,,,260.40,-36.10,,1745209630,,,,,,,,,,,,2025-04-21 09:57:09.667
tf,NFO,79611,,,,,,,,1745209630,,,,308.95,1961850,,,259.80,260.40,525,375,2025-04-21 09:57:09.979
tf,NFO,79611,,,,,259.75,-36.26,,1745209630,,,,,,,,,,,,2025-04-21 09:57:10.470
tf,NFO,79611,,,,,260.00,-36.20,,1745209631,,,,,,,,,,,,2025-04-21 09:57:11.284
tf,NFO,79611,,,,,,,,1745209631,,,,308.94,1962225,,,258.90,259.45,75,150,2025-04-21 09:57:11.650
tf,NFO,79611,,,,,259.80,-36.25,,1745209632,,,,,,,,,,,,2025-04-21 09:57:12.104
tf,NFO,79611,,,,,260.05,-36.18,,1745209633,,,,308.93,1962525,,,259.25,259.90,,300,2025-04-21 09:57:13.210
tf,NFO,79611,,,,,258.85,-36.48,,1745209634,,,,,,,,,,,,2025-04-21 09:57:14.471
tf,NFO,79611,,,,,257.70,-36.76,,1745209635,,,,308.91,1963500,,,257.40,258.00,,150,2025-04-21 09:57:14.984
tf,NFO,79611,,,,,259.65,-36.28,,1745209636,,,,,,,,,,,,2025-04-21 09:57:16.104
tf,NFO,79611,,,,,,,,1745209636,,,,308.90,1963650,,,260.40,260.90,,75,2025-04-21 09:57:16.615
tf,NFO,79611,,,,,260.00,-36.20,,1745209637,,,,,,,,,,,,2025-04-21 09:57:17.076
tf,NFO,79611,,,,,260.15,-36.16,,1745209638,,,,,,,,,,,,2025-04-21 09:57:18.124
tf,NFO,79611,,,,,,,,1745209638,,,,308.89,1964025,,,259.25,259.80,,150,2025-04-21 09:57:18.259
tf,NFO,79611,,,,,259.45,-36.33,,1745209640,,,,,1964100,,,259.50,260.05,,375,2025-04-21 09:57:20.084
tf,NFO,79611,,,,,258.85,-36.48,,1745209641,,,,,,,,,,,,2025-04-21 09:57:21.148
tf,NFO,79611,,,,,,,,1745209641,,,,308.88,1964550,,,259.35,259.90,,75,2025-04-21 09:57:21.622
tf,NFO,79611,,,,,259.95,-36.21,,1745209642,,,,,,,,,,,,2025-04-21 09:57:22.075
tf,NFO,79611,,,,,259.20,-36.39,,1745209643,,,,,,,,,,,,2025-04-21 09:57:23.080
tf,NFO,79611,,,,,,,,1745209643,,,,308.83,1966575,,,258.55,259.05,,375,2025-04-21 09:57:23.225
tf,NFO,79611,,,,,258.35,-36.60,,1745209644,,,,,,,,,,,,2025-04-21 09:57:24.082
tf,NFO,79611,,,,,258.55,-36.55,,1745209645,,,,308.75,1969650,,,257.75,258.30,,75,2025-04-21 09:57:25.038
tf,NFO,79611,,,,,259.05,-36.43,,1745209645,,,,,,,,,,,,2025-04-21 09:57:25.126
tf,NFO,79611,,,,,259.70,-36.27,,1745209646,,,,,,,,,,,,2025-04-21 09:57:26.098
tf,NFO,79611,,,,,,,,1745209646,,,,308.73,1970625,,,,258.35,300,,2025-04-21 09:57:26.606
tf,NFO,79611,,,,,258.10,-36.66,,1745209647,,,,,,,,,,,,2025-04-21 09:57:27.084
tf,NFO,79611,,,,,258.80,-36.49,,1745209648,,,,308.72,1970925,,,258.15,258.70,75,300,2025-04-21 09:57:28.233
tf,NFO,79611,,,,,258.55,-36.55,,1745209650,,,,,1971000,,,258.25,258.85,375,75,2025-04-21 09:57:30.012
tf,NFO,79611,,,,,258.95,-36.45,,1745209651,,,,,,,,,,,,2025-04-21 09:57:31.107
tf,NFO,79611,,,,,,,,1745209651,,,,308.69,1972125,,,258.60,259.20,675,300,2025-04-21 09:57:31.723
tf,NFO,79611,,,,,258.65,-36.53,,1745209652,,,,,,,,,,,,2025-04-21 09:57:32.213
tf,NFO,79611,,,,,258.25,-36.63,,1745209653,,,,,,,,,,,,2025-04-21 09:57:33.083
tf,NFO,79611,,,,,,,,1745209653,,,,308.68,1972425,,,257.85,258.45,375,75,2025-04-21 09:57:33.219
tf,NFO,79611,,,,,259.05,-36.43,,1745209655,,,,,,,,,,,,2025-04-21 09:57:34.681
tf,NFO,79611,,,,,259.35,-36.36,,1745209655,,,,,1972650,,,258.75,259.30,75,375,2025-04-21 09:57:35.010
tf,NFO,79611,,,,,258.25,-36.63,,1745209656,,,,,,,,,,,,2025-04-21 09:57:36.106
tf,NFO,79611,,,,,257.85,-36.72,,1745209656,,,,308.67,1972875,,,258.25,258.80,150,75,2025-04-21 09:57:36.636
tf,NFO,79611,,,,,259.40,-36.34,,1745209657,,,,,,,,,,,,2025-04-21 09:57:37.090
tf,NFO,79611,,,,,258.00,-36.69,,1745209658,,,,,,,,,,,,2025-04-21 09:57:38.106
tf,NFO,79611,,,,,,,,1745209658,,,,308.62,1974900,,,257.60,258.20,,375,2025-04-21 09:57:38.280
tf,NFO,79611,,,,,257.35,-36.85,,1745209659,,,,,,511275,,,,,,2025-04-21 09:57:39.171
tf,NFO,79611,,,,,257.50,-36.81,,1745209660,,,,308.60,1975575,,,257.70,258.25,,75,2025-04-21 09:57:40.018
tf,NFO,79611,,,,,258.30,-36.61,,1745209661,,,,,,,,,,,,2025-04-21 09:57:41.093
tf,NFO,79611,,,,,,,,1745209661,,,,308.59,1975875,,,257.85,258.40,825,,2025-04-21 09:57:41.628
tf,NFO,79611,,,,,257.00,-36.93,,1745209662,,,,,,,,,,,,2025-04-21 09:57:42.091
tf,NFO,79611,,,,,257.65,-36.77,,1745209663,,,,,,,,,,,,2025-04-21 09:57:43.113
tf,NFO,79611,,,,,,,,1745209663,,,,308.58,1976250,,,257.00,257.45,225,900,2025-04-21 09:57:43.255
tf,NFO,79611,,,,,257.00,-36.93,,1745209664,,,,,,,,,,,,2025-04-21 09:57:44.089
tf,NFO,79611,,,,,256.65,-37.02,,1745209665,,,,308.56,1977000,,,256.30,256.80,300,75,2025-04-21 09:57:45.099
tf,NFO,79611,,,,,256.45,-37.07,,1745209666,,,,,,,,,,,,2025-04-21 09:57:46.115
tf,NFO,79611,,,,,255.25,-37.36,,1745209666,,,,308.46,1980975,,,255.60,256.10,75,300,2025-04-21 09:57:46.633
tf,NFO,79611,,,,,258.00,-36.69,,1745209668,,,,,,,,,,,,2025-04-21 09:57:48.093
tf,NFO,79611,,,,,,,,1745209668,,,,308.44,1981725,,,257.45,258.00,,75,2025-04-21 09:57:48.248
tf,NFO,79611,,,,,259.55,-36.31,,1745209669,,,,,,,,,,,,2025-04-21 09:57:49.124
tf,NFO,79611,,,,,260.20,-36.15,,1745209670,,,,308.39,1983600,,,260.00,260.60,225,300,2025-04-21 09:57:50.033
tf,NFO,79611,,,,,260.45,-36.09,,1745209670,,,,,,,,,,,,2025-04-21 09:57:50.092
tf,NFO,79611,,,,,260.75,-36.01,,1745209671,,,,,,,,,,,,2025-04-21 09:57:51.153
tf,NFO,79611,,,,,261.75,-35.77,,1745209671,,,,308.36,1985025,,,261.35,261.90,150,225,2025-04-21 09:57:51.673
tf,NFO,79611,,,,,262.20,-35.66,,1745209672,,,,,,,,,,,,2025-04-21 09:57:52.110
tf,NFO,79611,,,,,261.65,-35.79,,1745209673,,,,,,,,,,,,2025-04-21 09:57:53.100
tf,NFO,79611,,,,,,,,1745209673,,,,308.33,1986450,,,262.85,263.45,,75,2025-04-21 09:57:53.288
tf,NFO,79611,,,,,262.65,-35.55,,1745209674,,,,,,,,,,,,2025-04-21 09:57:54.207
tf,NFO,79611,,,,,262.70,-35.53,,1745209675,,,,308.32,1986750,,,262.20,262.80,525,375,2025-04-21 09:57:55.047
tf,NFO,79611,,,,,262.20,-35.66,,1745209675,,,,,,,,,,,,2025-04-21 09:57:55.119
tf,NFO,79611,,,,,261.75,-35.77,,1745209676,,,,,,,,,,,,2025-04-21 09:57:56.097
tf,NFO,79611,,,,,262.70,-35.53,,1745209677,,,,308.31,1987125,,,262.85,263.40,75,,2025-04-21 09:57:56.648
tf,NFO,79611,,,,,263.30,-35.39,,1745209677,,,,,,,,,,,,2025-04-21 09:57:57.097
tf,NFO,79611,,,,,264.75,-35.03,,1745209678,,,,,,,,,,,,2025-04-21 09:57:58.149
tf,NFO,79611,,,,,,,,1745209678,,,,308.30,1987800,,,264.00,264.50,675,75,2025-04-21 09:57:58.318
tf,NFO,79611,,,,,263.55,-35.33,,1745209679,,,,,,,,,,,,2025-04-21 09:57:59.299
tf,NFO,79611,,,,,260.90,-35.98,,1745209680,,,,308.28,1988400,,,261.10,261.65,75,,2025-04-21 09:58:00.047
tf,NFO,79611,,,,,,,,1745209682,,,,,,,,261.20,,225,,2025-04-21 09:58:01.655
tf,NFO,79611,,,,,,,,1745209683,,,,308.27,1989000,,,260.45,260.60,300,,2025-04-21 09:58:03.265
tf,NFO,79611,,,,,260.55,-36.06,,1745209683,,,,,,,,,,,,2025-04-21 09:58:03.300
tf,NFO,79611,,,,,259.75,-36.26,,1745209684,,,,,,,,,,,,2025-04-21 09:58:04.128
tf,NFO,79611,,,,,259.55,-36.31,,1745209685,,,,308.25,1989750,,,259.65,260.15,150,,2025-04-21 09:58:05.074
tf,NFO,79611,,,,,,,,1745209687,,,,,,,,260.20,260.80,75,675,2025-04-21 09:58:06.663
tf,NFO,79611,,,,,260.00,-36.20,,1745209687,,,,,,,,,,,,2025-04-21 09:58:07.123
tf,NFO,79611,,,,,259.55,-36.31,,1745209688,,,,308.20,1991700,,,258.65,259.35,300,225,2025-04-21 09:58:08.303
tf,NFO,79611,,,,,259.15,-36.40,,1745209689,,,,,,,,,,,,2025-04-21 09:58:09.134
tf,NFO,79611,,,,,258.30,-36.61,,1745209690,,,,308.15,1993725,,,257.80,258.40,75,150,2025-04-21 09:58:10.062
tf,NFO,79611,,,,,,,,1745209692,,,,,,,,256.20,256.75,225,,2025-04-21 09:58:11.806
tf,NFO,79611,,,,,256.45,-37.07,,1745209693,,,,,,,,,,,,2025-04-21 09:58:12.913
tf,NFO,79611,,,,,,,,1745209693,,,,,1993800,,,257.05,257.60,75,375,2025-04-21 09:58:13.279
tf,NFO,79611,,,,,256.40,-37.08,,1745209694,,,,,,,,,,,,2025-04-21 09:58:14.109
tf,NFO,79611,,,,,256.30,-37.10,,1745209695,,,,308.14,1994025,,,256.20,256.75,150,75,2025-04-21 09:58:15.075
tf,NFO,79611,,,,,,,,1745209697,,,,,,,,255.80,256.35,75,,2025-04-21 09:58:16.694
tf,NFO,79611,,,,,256.05,-37.17,,1745209698,,,,,,,,,,,,2025-04-21 09:58:18.348
tf,NFO,79611,,,,,,,,1745209698,,,,308.13,1994475,,,256.05,256.60,,525,2025-04-21 09:58:18.353
tf,NFO,79611,,,,,255.80,-37.23,,1745209699,,,,,,,,,,,,2025-04-21 09:58:19.113
tf,NFO,79611,,,,,256.30,-37.10,,1745209700,,,,308.11,1995225,,,256.45,256.95,,75,2025-04-21 09:58:20.084
tf,NFO,79611,,,,,257.20,-36.88,,1745209701,,,,,,,,,,,,2025-04-21 09:58:21.116
tf,NFO,79611,,,,,256.75,-36.99,,1745209702,,,,308.07,1996950,,,256.25,256.80,150,,2025-04-21 09:58:21.706
tf,NFO,79611,,,,,257.50,-36.81,,1745209703,,,,,,,,,,,,2025-04-21 09:58:23.117
tf,NFO,79611,,,,,,,,1745209703,,,,,1997100,,,257.35,257.85,525,150,2025-04-21 09:58:23.289
tf,NFO,79611,,,,,256.80,-36.98,,1745209704,,,,,,,,,,,,2025-04-21 09:58:24.114
