t,e,tk,ts,pp,ls,ti,lp,pc,c,ft,o,h,l,ap,v,oi,poi,bp1,sp1,bq1,sq1,received_timestamp
tk,NFO,79554,NIFTY24APR25P24100,2,75,0.05,214.35,-36.06,335.25,1745209403,319.15,319.15,202.45,244.59,4042350,643200,101025,214.25,214.65,150,375,2025-04-21 09:53:24.034
tf,NFO,79554,,,,,216.00,-35.57,,1745209404,,,,244.57,4044450,,,215.25,215.75,450,,2025-04-21 09:53:24.062
tf,NFO,79554,,,,,216.10,-35.54,,1745209404,,,,,,,,,,,,2025-04-21 09:53:24.530
tf,NFO,79554,,,,,216.30,-35.48,,1745209405,,,,,,,,,,,,2025-04-21 09:53:25.528
tf,NFO,79554,,,,,,,,1745209406,,,,244.56,4045950,,,216.40,216.90,375,1125,2025-04-21 09:53:25.663
tf,NFO,79554,,,,,217.05,-35.26,,1745209406,,,,,,,,,,,,2025-04-21 09:53:26.683
tf,NFO,79554,,,,,217.15,-35.23,,1745209407,,,,244.55,4047375,,,217.10,217.55,450,150,2025-04-21 09:53:27.461
tf,NFO,79554,,,,,217.80,-35.03,,1745209408,,,,,,,,,,,,2025-04-21 09:53:28.651
tf,NFO,79554,,,,,218.90,-34.71,,1745209409,,,,244.53,4051050,,,218.60,219.05,,450,2025-04-21 09:53:29.103
tf,NFO,79554,,,,,218.05,-34.96,,1745209410,,,,,,,,,,,,2025-04-21 09:53:30.536
tf,NFO,79554,,,,,217.50,-35.12,,1745209411,,,,244.52,4051725,,,217.55,218.05,150,300,2025-04-21 09:53:30.669
tf,NFO,79554,,,,,218.10,-34.94,,1745209411,,,,,,,,,,,,2025-04-21 09:53:31.533
tf,NFO,79554,,,,,217.80,-35.03,,1745209412,,,,244.51,4053150,,,218.15,218.65,225,225,2025-04-21 09:53:32.539
tf,NFO,79554,,,,,219.30,-34.59,,1745209413,,,,,,,,,,,,2025-04-21 09:53:33.567
tf,NFO,79554,,,,,,,,1745209414,,,,244.49,4056900,,,219.05,219.45,150,300,2025-04-21 09:53:34.070
tf,NFO,79554,,,,,218.75,-34.75,,1745209414,,,,,,,,,,,,2025-04-21 09:53:34.545
tf,NFO,79554,,,,,219.35,-34.57,,1745209415,,,,,,,,,,,,2025-04-21 09:53:35.543
tf,NFO,79554,,,,,219.00,-34.68,,1745209416,,,,244.48,4057950,,,218.30,218.75,450,75,2025-04-21 09:53:35.676
tf,NFO,79554,,,,,218.55,-34.81,,1745209416,,,,,,,,,,,,2025-04-21 09:53:36.537
tf,NFO,79554,,,,,217.85,-35.02,,1745209417,,,,,4058550,,,217.45,217.95,375,225,2025-04-21 09:53:37.478
tf,NFO,79554,,,,,217.90,-35.00,,1745209418,,,,,,,,,,,,2025-04-21 09:53:38.538
tf,NFO,79554,,,,,217.10,-35.24,,1745209419,,,,,4059225,,,217.30,217.80,600,300,2025-04-21 09:53:39.151
tf,NFO,79554,,,,,217.15,-35.23,,1745209419,,,,,,,,,,,,2025-04-21 09:53:39.950
tf,NFO,79554,,,,,215.85,-35.62,,1745209420,,,,,,,,,,,,2025-04-21 09:53:40.571
tf,NFO,79554,,,,,,,,1745209421,,,,244.43,4065750,,,215.35,215.80,525,150,2025-04-21 09:53:40.681
tf,NFO,79554,,,,,214.80,-35.93,,1745209421,,,,,,,,,,,,2025-04-21 09:53:41.544
tf,NFO,79554,,,,,215.25,-35.79,,1745209422,,,,244.41,4068900,,,215.10,215.45,75,375,2025-04-21 09:53:42.491
tf,NFO,79554,,,,,215.55,-35.70,,1745209422,,,,,,,,,,,,2025-04-21 09:53:42.557
tf,NFO,79554,,,,,217.50,-35.12,,1745209423,,,,,,,,,,,,2025-04-21 09:53:43.542
tf,NFO,79554,,,,,217.05,-35.26,,1745209424,,,,244.37,4074675,,,217.05,217.45,675,225,2025-04-21 09:53:44.090
tf,NFO,79554,,,,,216.35,-35.47,,1745209424,,,,,,,,,,,,2025-04-21 09:53:44.566
tf,NFO,79554,,,,,216.60,-35.39,,1745209425,,,,,,,,,,,,2025-04-21 09:53:45.656
tf,NFO,79554,,,,,217.35,-35.17,,1745209426,,,,244.34,4078725,,,216.70,217.15,150,300,2025-04-21 09:53:45.693
tf,NFO,79554,,,,,216.90,-35.30,,1745209426,,,,,,,,,,,,2025-04-21 09:53:46.674
tf,NFO,79554,,,,,217.65,-35.08,,1745209427,,,,244.33,4079850,,,216.30,216.80,525,225,2025-04-21 09:53:47.491
tf,NFO,79554,,,,,216.40,-35.45,,1745209428,,,,,,,,,,,,2025-04-21 09:53:48.543
tf,NFO,79554,,,,,216.85,-35.32,,1745209429,,,,,4080750,,,215.95,216.40,225,,2025-04-21 09:53:49.096
tf,NFO,79554,,,,,216.60,-35.39,,1745209429,,,,,,,,,,,,2025-04-21 09:53:49.575
tf,NFO,79554,,,,,216.95,-35.29,,1745209430,,,,,,,,,,,,2025-04-21 09:53:50.545
tf,NFO,79554,,,,,,,,1745209431,,,,244.32,4082700,,,216.85,217.40,300,750,2025-04-21 09:53:50.708
tf,NFO,79554,,,,,216.50,-35.42,,1745209431,,,,,,,,,,,,2025-04-21 09:53:51.544
tf,NFO,79554,,,,,216.05,-35.56,,1745209432,,,,244.31,4083600,,,216.25,216.80,525,300,2025-04-21 09:53:52.414
tf,NFO,79554,,,,,216.90,-35.30,,1745209433,,,,,,,,,,,,2025-04-21 09:53:53.637
tf,NFO,79554,,,,,216.85,-35.32,,1745209434,,,,244.30,4084425,,,,216.65,150,225,2025-04-21 09:53:54.152
tf,NFO,79554,,,,,216.75,-35.35,,1745209435,,,,,,,,,,,,2025-04-21 09:53:55.552
tf,NFO,79554,,,,,216.00,-35.57,,1745209436,,,,244.29,4086450,,,215.65,216.05,,75,2025-04-21 09:53:55.709
tf,NFO,79554,,,,,215.70,-35.66,,1745209436,,,,,,,,,,,,2025-04-21 09:53:56.562
tf,NFO,79554,,,,,217.40,-35.15,,1745209437,,,,244.28,4087200,,,217.00,217.55,225,900,2025-04-21 09:53:57.325
tf,NFO,79554,,,,,216.20,-35.51,,1745209438,,,,,,,,,,,,2025-04-21 09:53:58.550
tf,NFO,79554,,,,,215.85,-35.62,,1745209439,,,,,4087725,,,215.10,215.35,75,300,2025-04-21 09:53:59.148
tf,NFO,79554,,,,,215.40,-35.75,,1745209439,,,,,,,,,,,,2025-04-21 09:53:59.622
tf,NFO,79554,,,,,214.50,-36.02,,1745209440,,,,,,,,,,,,2025-04-21 09:54:00.636
tf,NFO,79554,,,,,214.85,-35.91,,1745209441,,,,244.26,4090800,,,214.25,214.75,600,150,2025-04-21 09:54:00.827
tf,NFO,79554,,,,,216.10,-35.54,,1745209441,,,,,,,,,,,,2025-04-21 09:54:01.625
tf,NFO,79554,,,,,215.35,-35.76,,1745209442,,,,244.25,4092225,,,214.30,,450,75,2025-04-21 09:54:02.314
tf,NFO,79554,,,,,214.90,-35.90,,1745209443,,,,,,,,,,,,2025-04-21 09:54:03.555
tf,NFO,79554,,,,,216.10,-35.54,,1745209444,,,,244.24,4092825,,,215.85,216.30,150,525,2025-04-21 09:54:04.117
tf,NFO,79554,,,,,215.40,-35.75,,1745209444,,,,,,,,,,,,2025-04-21 09:54:04.559
tf,NFO,79554,,,,,215.75,-35.65,,1745209445,,,,,,,,,,,,2025-04-21 09:54:05.576
tf,NFO,79554,,,,,216.55,-35.41,,1745209446,,,,244.23,4095300,,,216.70,217.00,75,150,2025-04-21 09:54:05.796
tf,NFO,79554,,,,,217.35,-35.17,,1745209446,,,,,,,,,,,,2025-04-21 09:54:06.589
tf,NFO,79554,,,,,216.45,-35.44,,1745209447,,,,244.22,4095900,,,215.65,216.10,150,,2025-04-21 09:54:07.322
tf,NFO,79554,,,,,215.40,-35.75,,1745209447,,,,,,,,,,,,2025-04-21 09:54:07.557
tf,NFO,79554,,,,,215.00,-35.87,,1745209448,,,,,,,,,,,,2025-04-21 09:54:08.560
tf,NFO,79554,,,,,215.55,-35.70,,1745209449,,,,244.21,4098375,,,215.35,215.90,,525,2025-04-21 09:54:09.124
tf,NFO,79554,,,,,215.50,-35.72,,1745209449,,,,,,,,,,,,2025-04-21 09:54:09.558
tf,NFO,79554,,,,,216.20,-35.51,,1745209450,,,,,,,,,,,,2025-04-21 09:54:10.560
tf,NFO,79554,,,,,216.80,-35.33,,1745209451,,,,244.20,4099125,,,216.80,216.95,300,75,2025-04-21 09:54:10.724
tf,NFO,79554,,,,,216.45,-35.44,,1745209451,,,,,,,,,,,,2025-04-21 09:54:11.561
tf,NFO,79554,,,,,216.50,-35.42,,1745209452,,,,244.19,4101300,,,215.95,216.45,150,750,2025-04-21 09:54:12.327
tf,NFO,79554,,,,,216.45,-35.44,,1745209452,,,,,,,,,,,,2025-04-21 09:54:12.922
tf,NFO,79554,,,,,216.50,-35.42,,1745209453,,,,,,,,,,,,2025-04-21 09:54:13.562
tf,NFO,79554,,,,,216.75,-35.35,,1745209454,,,,244.17,4103925,,,216.75,217.25,450,375,2025-04-21 09:54:14.172
tf,NFO,79554,,,,,216.05,-35.56,,1745209455,,,,,,,,,,,,2025-04-21 09:54:15.587
tf,NFO,79554,,,,,,,,1745209456,,,,,4104300,,,215.60,216.10,225,,2025-04-21 09:54:15.767
tf,NFO,79554,,,,,213.50,-36.32,,1745209456,,,,,,,,,,,,2025-04-21 09:54:16.575
tf,NFO,79554,,,,,214.50,-36.02,,1745209457,,,,244.15,4106625,,,214.25,214.70,75,,2025-04-21 09:54:17.421
tf,NFO,79554,,,,,213.00,-36.47,,1745209459,,,,244.14,4107900,,,213.45,213.95,150,150,2025-04-21 09:54:19.288
tf,NFO,79554,,,,,212.45,-36.63,,1745209460,,,,,,,,,,,,2025-04-21 09:54:20.125
tf,NFO,79554,,,,,211.65,-36.87,,1745209460,,,,,,,,,,,,2025-04-21 09:54:20.587
tf,NFO,79554,,,,,212.10,-36.73,,1745209461,,,,244.09,4113750,,,211.65,212.15,225,450,2025-04-21 09:54:20.818
tf,NFO,79554,,,,,211.50,-36.91,,1745209461,,,,,,,,,,,,2025-04-21 09:54:21.576
tf,NFO,79554,,,,,211.55,-36.90,,1745209462,,,,244.07,4116600,,,211.00,211.40,1425,600,2025-04-21 09:54:22.484
tf,NFO,79554,,,,,211.35,-36.96,,1745209462,,,,,,,,,,,,2025-04-21 09:54:22.672
tf,NFO,79554,,,,,211.00,-37.06,,1745209463,,,,,,,,,,,,2025-04-21 09:54:23.566
tf,NFO,79554,,,,,210.50,-37.21,,1745209464,,,,244.05,4119000,,,210.40,210.90,750,,2025-04-21 09:54:24.143
tf,NFO,79554,,,,,210.85,-37.11,,1745209464,,,,,,,,,,,,2025-04-21 09:54:24.618
tf,NFO,79554,,,,,211.70,-36.85,,1745209465,,,,,,,,,,,,2025-04-21 09:54:25.673
tf,NFO,79554,,,,,211.65,-36.87,,1745209466,,,,244.03,4121625,,,211.65,212.15,300,150,2025-04-21 09:54:26.029
tf,NFO,79554,,,,,210.35,-37.26,,1745209466,,,,,,,,,,,,2025-04-21 09:54:26.839
tf,NFO,79554,,,,,211.45,-36.93,,1745209467,,,,244.02,4123650,,,211.45,211.90,75,300,2025-04-21 09:54:27.353
tf,NFO,79554,,,,,211.90,-36.79,,1745209467,,,,,,,,,,,,2025-04-21 09:54:27.579
tf,NFO,79554,,,,,212.15,-36.72,,1745209468,,,,,,,,,,,,2025-04-21 09:54:28.573
tf,NFO,79554,,,,,211.00,-37.06,,1745209469,,,,244.01,4124700,,,211.20,211.70,225,225,2025-04-21 09:54:29.159
tf,NFO,79554,,,,,211.20,-37.00,,1745209469,,,,,,,,,,,,2025-04-21 09:54:29.636
tf,NFO,79554,,,,,212.20,-36.70,,1745209470,,,,,,,,,,,,2025-04-21 09:54:30.572
tf,NFO,79554,,,,,211.50,-36.91,,1745209471,,,,243.99,4127400,,,211.10,211.60,525,675,2025-04-21 09:54:30.756
tf,NFO,79554,,,,,211.20,-37.00,,1745209471,,,,,,,,,,,,2025-04-21 09:54:31.616
tf,NFO,79554,,,,,212.25,-36.69,,1745209472,,,,243.98,4127850,,,211.50,211.95,75,375,2025-04-21 09:54:32.400
tf,NFO,79554,,,,,212.90,-36.50,,1745209473,,,,,,,,,,,,2025-04-21 09:54:33.628
tf,NFO,79554,,,,,211.05,-37.05,,1745209474,,,,243.97,4128900,,,211.25,211.75,300,450,2025-04-21 09:54:34.192
tf,NFO,79554,,,,,212.50,-36.61,,1745209474,,,,,,,,,,,,2025-04-21 09:54:34.622
tf,NFO,79554,,,,,,,,1745209476,,,,243.96,4130100,,,212.15,212.55,375,225,2025-04-21 09:54:35.770
tf,NFO,79554,,,,,211.50,-36.91,,1745209476,,,,,,,,,,,,2025-04-21 09:54:36.589
tf,NFO,79554,,,,,211.05,-37.05,,1745209477,,,,,4130550,,,210.50,210.95,300,375,2025-04-21 09:54:37.366
tf,NFO,79554,,,,,211.85,-36.81,,1745209478,,,,,,,,,,,,2025-04-21 09:54:38.712
tf,NFO,79554,,,,,211.15,-37.02,,1745209479,,,,,4131225,,,210.85,211.30,150,150,2025-04-21 09:54:39.337
tf,NFO,79554,,,,,210.00,-37.36,,1745209479,,,,,,,,,,,,2025-04-21 09:54:39.581
tf,NFO,79554,,,,,210.40,-37.24,,1745209480,,,,,,655200,,,,,,2025-04-21 09:54:40.578
tf,NFO,79554,,,,,209.80,-37.42,,1745209481,,,,243.88,4140825,,,209.50,209.85,225,,2025-04-21 09:54:40.776
tf,NFO,79554,,,,,209.50,-37.51,,1745209481,,,,,,,,,,,,2025-04-21 09:54:41.580
tf,NFO,79554,,,,,209.30,-37.57,,1745209482,,,,243.86,4143525,,,209.30,209.75,300,375,2025-04-21 09:54:42.404
tf,NFO,79554,,,,,210.65,-37.17,,1745209483,,,,,,,,,,,,2025-04-21 09:54:43.585
tf,NFO,79554,,,,,210.15,-37.32,,1745209484,,,,243.84,4145475,,,209.75,210.20,375,75,2025-04-21 09:54:44.176
tf,NFO,79554,,,,,209.75,-37.43,,1745209485,,,,,,,,,,,,2025-04-21 09:54:45.696
tf,NFO,79554,,,,,,,,1745209486,,,,,4146000,,,209.35,209.70,75,,2025-04-21 09:54:45.841
tf,NFO,79554,,,,,209.20,-37.60,,1745209486,,,,,,,,,,,,2025-04-21 09:54:46.688
tf,NFO,79554,,,,,209.50,-37.51,,1745209487,,,,243.83,4147050,,,209.00,209.40,675,150,2025-04-21 09:54:47.522
tf,NFO,79554,,,,,209.00,-37.66,,1745209488,,,,,,,,,,,,2025-04-21 09:54:48.583
tf,NFO,79554,,,,,209.30,-37.57,,1745209489,,,,243.81,4148475,,,209.15,209.65,600,75,2025-04-21 09:54:49.185
tf,NFO,79554,,,,,208.85,-37.70,,1745209489,,,,,,,,,,,,2025-04-21 09:54:49.583
tf,NFO,79554,,,,,208.50,-37.81,,1745209490,,,,,,,,,,,,2025-04-21 09:54:50.585
tf,NFO,79554,,,,,208.85,-37.70,,1745209491,,,,243.77,4153575,,,208.75,209.25,375,525,2025-04-21 09:54:50.793
tf,NFO,79554,,,,,210.00,-37.36,,1745209491,,,,,,,,,,,,2025-04-21 09:54:51.587
tf,NFO,79554,,,,,208.85,-37.70,,1745209492,,,,243.76,4155300,,,208.90,209.35,225,75,2025-04-21 09:54:52.453
tf,NFO,79554,,,,,209.00,-37.66,,1745209492,,,,,,,,,,,,2025-04-21 09:54:52.595
tf,NFO,79554,,,,,207.75,-38.03,,1745209493,,,,,,,,,,,,2025-04-21 09:54:53.586
tf,NFO,79554,,,,,,,,1745209494,,,,243.73,4158600,,,207.60,208.10,750,150,2025-04-21 09:54:54.199
tf,NFO,79554,,,,,207.60,-38.08,,1745209494,,,,,,,,,,,,2025-04-21 09:54:54.586
tf,NFO,79554,,,,,207.85,-38.00,,1745209495,,,,,,,,,,,,2025-04-21 09:54:55.589
tf,NFO,79554,,,,,207.70,-38.05,,1745209496,,,,243.71,4161150,,,208.30,208.70,300,,2025-04-21 09:54:55.806
tf,NFO,79554,,,,,208.30,-37.87,,1745209496,,,,,,,,,,,,2025-04-21 09:54:56.588
tf,NFO,79554,,,,,209.60,-37.48,,1745209497,,,,243.70,4162500,,,209.55,210.00,600,900,2025-04-21 09:54:57.459
tf,NFO,79554,,,,,209.20,-37.60,,1745209497,,,,,,,,,,,,2025-04-21 09:54:57.645
tf,NFO,79554,,,,,208.60,-37.78,,1745209498,,,,,,,,,,,,2025-04-21 09:54:58.865
tf,NFO,79554,,,,,207.40,-38.14,,1745209499,,,,243.68,4164225,,,207.40,207.80,150,525,2025-04-21 09:54:59.420
tf,NFO,79554,,,,,206.90,-38.28,,1745209499,,,,,,,,,,,,2025-04-21 09:54:59.802
tf,NFO,79554,,,,,206.65,-38.36,,1745209500,,,,,,,,,,,,2025-04-21 09:55:00.625
tf,NFO,79554,,,,,207.25,-38.18,,1745209501,,,,243.65,4167375,,,207.30,,1125,300,2025-04-21 09:55:00.816
tf,NFO,79554,,,,,208.65,-37.76,,1745209501,,,,,,,,,,,,2025-04-21 09:55:01.602
tf,NFO,79554,,,,,209.60,-37.48,,1745209502,,,,,4168275,,,209.45,209.90,150,150,2025-04-21 09:55:02.432
tf,NFO,79554,,,,,210.45,-37.23,,1745209502,,,,,,,,,,,,2025-04-21 09:55:02.593
tf,NFO,79554,,,,,208.80,-37.72,,1745209503,,,,,,,,,,,,2025-04-21 09:55:03.591
tf,NFO,79554,,,,,209.05,-37.64,,1745209504,,,,243.62,4171200,,,209.20,209.65,300,300,2025-04-21 09:55:04.211
tf,NFO,79554,,,,,208.00,-37.96,,1745209504,,,,,,,,,,,,2025-04-21 09:55:04.591
tf,NFO,79554,,,,,207.85,-38.00,,1745209505,,,,,,,,,,,,2025-04-21 09:55:05.761
tf,NFO,79554,,,,,207.50,-38.11,,1745209506,,,,243.60,4173525,,,207.05,207.50,225,,2025-04-21 09:55:05.943
tf,NFO,79554,,,,,207.40,-38.14,,1745209506,,,,,,,,,,,,2025-04-21 09:55:06.608
tf,NFO,79554,,,,,206.80,-38.31,,1745209507,,,,243.59,4175400,,,206.65,207.15,300,,2025-04-21 09:55:07.428
tf,NFO,79554,,,,,206.95,-38.27,,1745209507,,,,,,,,,,,,2025-04-21 09:55:07.618
tf,NFO,79554,,,,,205.95,-38.57,,1745209508,,,,,,,,,,,,2025-04-21 09:55:08.706
tf,NFO,79554,,,,,,,,1745209509,,,,243.52,4182900,,,205.80,206.25,,450,2025-04-21 09:55:09.225
tf,NFO,79554,,,,,206.30,-38.46,,1745209509,,,,,,,,,,,,2025-04-21 09:55:09.604
tf,NFO,79554,,,,,205.35,-38.75,,1745209510,,,,,,,,,,,,2025-04-21 09:55:10.597
tf,NFO,79554,,,,,204.95,-38.87,,1745209511,,,,243.50,4184250,,,204.95,205.40,150,300,2025-04-21 09:55:10.831
tf,NFO,79554,,,,,203.30,-39.36,,1745209511,,,,,,,,,,,,2025-04-21 09:55:11.599
tf,NFO,79554,,,,,204.30,-39.06,,1745209512,,,,243.44,4191000,,,204.35,204.80,450,375,2025-04-21 09:55:12.534
tf,NFO,79554,,,,,204.50,-39.00,,1745209512,,,,,,,,,,,,2025-04-21 09:55:12.704
tf,NFO,79554,,,,,203.60,-39.27,,1745209513,,,,,,,,,,,,2025-04-21 09:55:13.620
tf,NFO,79554,,,,,,,,1745209514,,,,243.40,4195575,,,203.40,203.95,375,225,2025-04-21 09:55:14.228
tf,NFO,79554,,,,,203.25,-39.37,,1745209514,,,,,,,,,,,,2025-04-21 09:55:14.607
tf,NFO,79554,,,,,201.45,-39.91,,1745209516,,,,,,,,,,,,2025-04-21 09:55:15.802
tf,NFO,79554,,,,,,,,1745209516,,,200.80,243.31,4204425,,,200.75,201.25,675,,2025-04-21 09:55:15.833
tf,NFO,79554,,,,,200.90,-40.07,,1745209516,,,,,,,,,,,,2025-04-21 09:55:16.603
tf,NFO,79554,,,,,192.75,-42.51,,1745209517,,,192.75,242.71,4260000,,,193.10,193.40,150,300,2025-04-21 09:55:17.452
tf,NFO,79554,,,,,193.40,-42.31,,1745209517,,,,,,,,,,,,2025-04-21 09:55:17.607
tf,NFO,79554,,,,,193.05,-42.42,,1745209518,,,,,,,,,,,,2025-04-21 09:55:18.705
tf,NFO,79554,,,,,192.90,-42.46,,1745209519,,,192.00,242.49,4278525,,,192.60,193.05,,225,2025-04-21 09:55:19.249
tf,NFO,79554,,,,,192.15,-42.68,,1745209519,,,,,,,,,,,,2025-04-21 09:55:19.867
tf,NFO,79554,,,,,193.05,-42.42,,1745209520,,,,,,,,,,,,2025-04-21 09:55:20.618
tf,NFO,79554,,,,,193.00,-42.43,,1745209521,,,,242.40,4286400,,,,193.10,525,525,2025-04-21 09:55:20.840
tf,NFO,79554,,,,,192.15,-42.68,,1745209521,,,,,,,,,,,,2025-04-21 09:55:21.607
tf,NFO,79554,,,,,,,,1745209522,,,191.40,242.23,4301250,,,191.75,192.15,150,225,2025-04-21 09:55:22.452
tf,NFO,79554,,,,,192.45,-42.60,,1745209523,,,,,,,,,,,,2025-04-21 09:55:22.806
tf,NFO,79554,,,,,192.00,-42.73,,1745209523,,,,,,,,,,,,2025-04-21 09:55:23.609
tf,NFO,79554,,,,,193.60,-42.25,,1745209524,,,,242.08,4314300,,,192.85,193.30,300,375,2025-04-21 09:55:24.245
tf,NFO,79554,,,,,193.90,-42.16,,1745209524,,,,,,,,,,,,2025-04-21 09:55:24.609
tf,NFO,79554,,,,,195.00,-41.83,,1745209525,,,,,,,,,,,,2025-04-21 09:55:25.695
tf,NFO,79554,,,,,195.25,-41.76,,1745209526,,,,242.02,4319625,,,194.70,195.10,225,525,2025-04-21 09:55:26.037
tf,NFO,79554,,,,,194.65,-41.94,,1745209526,,,,,,,,,,,,2025-04-21 09:55:26.609
tf,NFO,79554,,,,,193.20,-42.37,,1745209527,,,,241.97,4323900,,,192.80,193.20,150,75,2025-04-21 09:55:27.458
tf,NFO,79554,,,,,193.00,-42.43,,1745209527,,,,,,,,,,,,2025-04-21 09:55:27.631
tf,NFO,79554,,,,,191.50,-42.88,,1745209528,,,,,,,,,,,,2025-04-21 09:55:28.612
tf,NFO,79554,,,,,192.50,-42.58,,1745209529,,,,241.91,4329150,,,192.55,193.00,225,300,2025-04-21 09:55:29.253
tf,NFO,79554,,,,,192.35,-42.62,,1745209529,,,,,,,,,,,,2025-04-21 09:55:29.612
tf,NFO,79554,,,,,194.20,-42.07,,1745209530,,,,,,,,,,,,2025-04-21 09:55:30.612
tf,NFO,79554,,,,,194.45,-42.00,,1745209531,,,,241.73,4345050,,,194.20,194.60,75,150,2025-04-21 09:55:30.869
tf,NFO,79554,,,,,194.80,-41.89,,1745209531,,,,,,,,,,,,2025-04-21 09:55:31.613
tf,NFO,79554,,,,,194.40,-42.01,,1745209532,,,,241.67,4350975,,,194.30,194.80,300,600,2025-04-21 09:55:32.625
tf,NFO,79554,,,,,194.50,-41.98,,1745209532,,,,,,,,,,,,2025-04-21 09:55:32.857
tf,NFO,79554,,,,,194.20,-42.07,,1745209533,,,,,,,,,,,,2025-04-21 09:55:33.629
tf,NFO,79554,,,,,194.30,-42.04,,1745209534,,,,241.64,4353900,,,193.90,194.45,600,525,2025-04-21 09:55:34.260
tf,NFO,79554,,,,,194.05,-42.12,,1745209534,,,,,,,,,,,,2025-04-21 09:55:34.618
tf,NFO,79554,,,,,195.10,-41.80,,1745209535,,,,,,,,,,,,2025-04-21 09:55:35.634
tf,NFO,79554,,,,,195.75,-41.61,,1745209536,,,,241.60,4357200,,,195.70,196.25,150,450,2025-04-21 09:55:35.875
tf,NFO,79554,,,,,195.25,-41.76,,1745209536,,,,,,,,,,,,2025-04-21 09:55:36.613
tf,NFO,79554,,,,,194.00,-42.13,,1745209537,,,,241.58,4359525,,,193.75,193.95,75,75,2025-04-21 09:55:37.488
tf,NFO,79554,,,,,193.70,-42.22,,1745209538,,,,,,,,,,,,2025-04-21 09:55:38.690
tf,NFO,79554,,,,,194.95,-41.85,,1745209539,,,,241.55,4362450,,,194.45,194.95,150,300,2025-04-21 09:55:39.134
tf,NFO,79554,,,,,193.70,-42.22,,1745209539,,,,,,,,,,,,2025-04-21 09:55:39.758
tf,NFO,79554,,,,,193.30,-42.34,,1745209540,,,,,,,,,,,,2025-04-21 09:55:40.756
tf,NFO,79554,,,,,,,,1745209541,,,,241.51,4365525,,,193.40,193.75,300,150,2025-04-21 09:55:40.968
tf,NFO,79554,,,,,194.15,-42.09,,1745209541,,,,,,,,,,,,2025-04-21 09:55:41.616
tf,NFO,79554,,,,,193.35,-42.33,,1745209542,,,,241.39,4376550,,,193.05,193.50,150,675,2025-04-21 09:55:42.490
tf,NFO,79554,,,,,193.10,-42.40,,1745209543,,,,,,,,,,,,2025-04-21 09:55:42.822
tf,NFO,79554,,,,,193.00,-42.43,,1745209543,,,,,,,,,,,,2025-04-21 09:55:43.647
tf,NFO,79554,,,,,193.20,-42.37,,1745209544,,,,241.36,4379700,,,193.00,193.35,75,75,2025-04-21 09:55:44.077
tf,NFO,79554,,,,,193.55,-42.27,,1745209544,,,,,,,,,,,,2025-04-21 09:55:44.622
tf,NFO,79554,,,,,195.45,-41.70,,1745209545,,,,,,,,,,,,2025-04-21 09:55:45.652
tf,NFO,79554,,,,,195.80,-41.60,,1745209546,,,,241.29,4385925,,,195.35,195.65,,300,2025-04-21 09:55:45.885
tf,NFO,79554,,,,,195.30,-41.74,,1745209546,,,,,,,,,,,,2025-04-21 09:55:46.626
tf,NFO,79554,,,,,196.00,-41.54,,1745209547,,,,241.27,4388100,,,195.20,195.50,,450,2025-04-21 09:55:47.482
tf,NFO,79554,,,,,195.20,-41.77,,1745209547,,,,,,,,,,,,2025-04-21 09:55:47.632
tf,NFO,79554,,,,,194.20,-42.07,,1745209548,,,,,,,,,,,,2025-04-21 09:55:48.637
tf,NFO,79554,,,,,193.65,-42.24,,1745209549,,,,241.25,4389900,,,193.80,194.25,300,75,2025-04-21 09:55:49.085
tf,NFO,79554,,,,,193.60,-42.25,,1745209549,,,,,,,,,,,,2025-04-21 09:55:49.633
tf,NFO,79554,,,,,194.45,-42.00,,1745209550,,,,,,,,,,,,2025-04-21 09:55:50.631
tf,NFO,79554,,,,,193.75,-42.21,,1745209551,,,,241.23,4392000,,,,,525,225,2025-04-21 09:55:50.887
tf,NFO,79554,,,,,194.20,-42.07,,1745209551,,,,,,,,,,,,2025-04-21 09:55:51.657
tf,NFO,79554,,,,,194.55,-41.97,,1745209552,,,,241.21,4393425,,,194.55,195.00,300,825,2025-04-21 09:55:52.490
tf,NFO,79554,,,,,195.45,-41.70,,1745209552,,,,,,,,,,,,2025-04-21 09:55:52.665
tf,NFO,79554,,,,,196.80,-41.30,,1745209553,,,,,,,,,,,,2025-04-21 09:55:53.646
tf,NFO,79554,,,,,196.25,-41.46,,1745209554,,,,241.17,4397625,,,196.00,196.40,375,225,2025-04-21 09:55:54.094
tf,NFO,79554,,,,,197.35,-41.13,,1745209554,,,,,,,,,,,,2025-04-21 09:55:54.635
tf,NFO,79554,,,,,196.20,-41.48,,1745209555,,,,,,,,,,,,2025-04-21 09:55:55.632
tf,NFO,79554,,,,,196.80,-41.30,,1745209556,,,,241.11,4403475,,,196.50,196.95,75,75,2025-04-21 09:55:55.895
tf,NFO,79554,,,,,196.75,-41.31,,1745209556,,,,,,,,,,,,2025-04-21 09:55:56.637
tf,NFO,79554,,,,,196.70,-41.33,,1745209557,,,,241.09,4405350,,,196.15,196.60,150,300,2025-04-21 09:55:57.496
tf,NFO,79554,,,,,198.00,-40.94,,1745209558,,,,,,,,,,,,2025-04-21 09:55:58.645
tf,NFO,79554,,,,,199.90,-40.37,,1745209559,,,,240.89,4426575,,,199.65,199.90,525,1575,2025-04-21 09:55:59.186
tf,NFO,79554,,,,,200.60,-40.16,,1745209559,,,,,,,,,,,,2025-04-21 09:55:59.635
tf,NFO,79554,,,,,201.85,-39.79,,1745209561,,,,,,,,,,,,2025-04-21 09:56:00.835
tf,NFO,79554,,,,,201.00,-40.04,,1745209561,,,,240.82,4433325,,,200.40,200.85,375,300,2025-04-21 09:56:00.903
tf,NFO,79554,,,,,200.40,-40.22,,1745209561,,,,,,,,,,,,2025-04-21 09:56:01.640
tf,NFO,79554,,,,,201.15,-40.00,,1745209562,,,,240.71,4445325,,,201.25,201.65,225,150,2025-04-21 09:56:02.504
tf,NFO,79554,,,,,201.85,-39.79,,1745209562,,,,,,,,,,,,2025-04-21 09:56:02.635
tf,NFO,79554,,,,,200.80,-40.10,,1745209563,,,,,,,,,,,,2025-04-21 09:56:03.638
tf,NFO,79554,,,,,202.00,-39.75,,1745209564,,,,240.68,4448775,,,201.85,202.00,,,2025-04-21 09:56:04.111
tf,NFO,79554,,,,,201.85,-39.79,,1745209564,,,,,,,,,,,,2025-04-21 09:56:04.636
tf,NFO,79554,,,,,201.65,-39.85,,1745209565,,,,,,,,,,,,2025-04-21 09:56:05.763
tf,NFO,79554,,,,,201.95,-39.76,,1745209566,,,,240.63,4454775,,,201.35,201.75,75,225,2025-04-21 09:56:05.942
tf,NFO,79554,,,,,200.75,-40.12,,1745209567,,,,,,,,,,,,2025-04-21 09:56:06.653
tf,NFO,79554,,,,,201.45,-39.91,,1745209567,,,,240.52,4467225,,,200.90,201.35,,450,2025-04-21 09:56:07.511
tf,NFO,79554,,,,,200.90,-40.07,,1745209568,,,,,,,,,,,,2025-04-21 09:56:07.639
tf,NFO,79554,,,,,200.30,-40.25,,1745209569,,,,,,,,,,,,2025-04-21 09:56:08.639
tf,NFO,79554,,,,,200.85,-40.09,,1745209569,,,,240.41,4479600,,,201.05,201.45,225,75,2025-04-21 09:56:09.123
tf,NFO,79554,,,,,200.95,-40.06,,1745209570,,,,,,,,,,,,2025-04-21 09:56:09.641
tf,NFO,79554,,,,,201.40,-39.93,,1745209571,,,,,,,,,,,,2025-04-21 09:56:10.635
tf,NFO,79554,,,,,201.80,-39.81,,1745209571,,,,240.39,4481925,,,201.25,201.75,375,450,2025-04-21 09:56:10.915
tf,NFO,79554,,,,,201.85,-39.79,,1745209572,,,,,,,,,,,,2025-04-21 09:56:11.770
tf,NFO,79554,,,,,201.30,-39.96,,1745209572,,,,240.37,4484475,,,200.85,201.35,525,375,2025-04-21 09:56:12.538
tf,NFO,79554,,,,,201.35,-39.94,,1745209574,,,,,,,,,,,,2025-04-21 09:56:13.726
tf,NFO,79554,,,,,200.85,-40.09,,1745209574,,,,240.34,4487850,,,,201.25,375,225,2025-04-21 09:56:14.144
tf,NFO,79554,,,,,200.75,-40.12,,1745209575,,,,,,,,,,,,2025-04-21 09:56:14.748
tf,NFO,79554,,,,,200.25,-40.27,,1745209576,,,,,,,,,,,,2025-04-21 09:56:15.643
tf,NFO,79554,,,,,200.35,-40.24,,1745209576,,,,240.32,4490325,,,200.30,200.70,150,375,2025-04-21 09:56:15.924
tf,NFO,79554,,,,,201.60,-39.87,,1745209577,,,,,,,,,,,,2025-04-21 09:56:16.661
tf,NFO,79554,,,,,200.90,-40.07,,1745209577,,,,240.30,4491825,,,200.65,201.15,,600,2025-04-21 09:56:17.529
tf,NFO,79554,,,,,201.10,-40.01,,1745209578,,,,,,,,,,,,2025-04-21 09:56:17.645
tf,NFO,79554,,,,,200.50,-40.19,,1745209579,,,,,,,,,,,,2025-04-21 09:56:18.657
tf,NFO,79554,,,,,201.50,-39.90,,1745209579,,,,240.26,4496625,,,201.05,201.55,,525,2025-04-21 09:56:19.258
tf,NFO,79554,,,,,200.80,-40.10,,1745209580,,,,,,,,,,,,2025-04-21 09:56:19.645
tf,NFO,79554,,,,,201.55,-39.88,,1745209581,,,,,,,,,,,,2025-04-21 09:56:20.642
tf,NFO,79554,,,,,202.20,-39.69,,1745209581,,,,240.20,4503375,,,201.70,202.00,,75,2025-04-21 09:56:20.935
tf,NFO,79554,,,,,203.00,-39.45,,1745209582,,,,,,,,,,,,2025-04-21 09:56:21.669
tf,NFO,79554,,,,,203.35,-39.34,,1745209582,,,,240.18,4505775,,,202.70,203.25,225,975,2025-04-21 09:56:22.536
tf,NFO,79554,,,,,202.60,-39.57,,1745209583,,,,,,,,,,,,2025-04-21 09:56:22.646
tf,NFO,79554,,,,,204.15,-39.11,,1745209584,,,,,,,,,,,,2025-04-21 09:56:23.645
tf,NFO,79554,,,,,204.60,-38.97,,1745209584,,,,240.17,4507350,,,203.70,204.20,150,825,2025-04-21 09:56:24.139
tf,NFO,79554,,,,,202.70,-39.54,,1745209585,,,,,,,,,,,,2025-04-21 09:56:24.648
tf,NFO,79554,,,,,204.25,-39.08,,1745209586,,,,,,,,,,,,2025-04-21 09:56:25.666
tf,NFO,79554,,,,,204.35,-39.05,,1745209586,,,,240.14,4511175,,,203.50,204.00,225,525,2025-04-21 09:56:26.014
tf,NFO,79554,,,,,204.25,-39.08,,1745209587,,,,,,,,,,,,2025-04-21 09:56:26.646
tf,NFO,79554,,,,,205.30,-38.76,,1745209587,,,,240.10,4515975,,,205.00,205.50,,300,2025-04-21 09:56:27.553
tf,NFO,79554,,,,,205.00,-38.85,,1745209588,,,,,,,,,,,,2025-04-21 09:56:27.657
tf,NFO,79554,,,,,205.10,-38.82,,1745209589,,,,,,,,,,,,2025-04-21 09:56:28.658
tf,NFO,79554,,,,,204.60,-38.97,,1745209589,,,,240.07,4520025,,,204.25,204.60,75,750,2025-04-21 09:56:29.149
tf,NFO,79554,,,,,203.50,-39.30,,1745209590,,,,,,,,,,,,2025-04-21 09:56:29.650
tf,NFO,79554,,,,,204.15,-39.11,,1745209591,,,,,,,,,,,,2025-04-21 09:56:30.652
tf,NFO,79554,,,,,203.75,-39.22,,1745209591,,,,240.05,4522650,,,203.05,203.55,150,375,2025-04-21 09:56:30.947
tf,NFO,79554,,,,,202.15,-39.70,,1745209592,,,,,,,,,,,,2025-04-21 09:56:31.707
tf,NFO,79554,,,,,202.05,-39.73,,1745209592,,,,240.02,4527000,,,201.65,202.10,,75,2025-04-21 09:56:32.604
tf,NFO,79554,,,,,202.00,-39.75,,1745209594,,,,,,,,,,,,2025-04-21 09:56:33.652
tf,NFO,79554,,,,,201.90,-39.78,,1745209594,,,,240.00,4528350,,,201.60,202.05,75,1125,2025-04-21 09:56:34.154
tf,NFO,79554,,,,,201.00,-40.04,,1745209595,,,,,,,,,,,,2025-04-21 09:56:34.655
tf,NFO,79554,,,,,202.40,-39.63,,1745209596,,,,,,,,,,,,2025-04-21 09:56:35.654
tf,NFO,79554,,,,,201.45,-39.91,,1745209596,,,,239.98,4530975,,,201.10,201.30,,225,2025-04-21 09:56:35.966
tf,NFO,79554,,,,,201.00,-40.04,,1745209597,,,,,,,,,,,,2025-04-21 09:56:36.656
tf,NFO,79554,,,,,200.70,-40.13,,1745209597,,,,239.97,4532325,,,200.50,200.85,1200,525,2025-04-21 09:56:37.365
tf,NFO,79554,,,,,200.95,-40.06,,1745209598,,,,,,,,,,,,2025-04-21 09:56:37.656
tf,NFO,79554,,,,,200.60,-40.16,,1745209599,,,,,,,,,,,,2025-04-21 09:56:38.752
tf,NFO,79554,,,,,201.50,-39.90,,1745209599,,,,239.95,4534575,,,201.10,201.50,75,375,2025-04-21 09:56:39.166
tf,NFO,79554,,,,,201.70,-39.84,,1745209600,,,,,,,,,,,,2025-04-21 09:56:39.657
tf,NFO,79554,,,,,200.00,-40.34,,1745209601,,,,,,,,,,,,2025-04-21 09:56:40.656
tf,NFO,79554,,,,,,,,1745209601,,,,239.92,4538400,,,199.30,199.70,,150,2025-04-21 09:56:40.764
tf,NFO,79554,,,,,200.15,-40.30,,1745209602,,,,,,,,,,,,2025-04-21 09:56:41.656
tf,NFO,79554,,,,,200.20,-40.28,,1745209602,,,,239.90,4540800,,,200.05,200.50,225,225,2025-04-21 09:56:42.372
tf,NFO,79554,,,,,200.40,-40.22,,1745209604,,,,,,,,,,,,2025-04-21 09:56:43.659
tf,NFO,79554,,,,,199.60,-40.46,,1745209604,,,,239.88,4542750,,,199.40,199.90,750,300,2025-04-21 09:56:44.170
tf,NFO,79554,,,,,199.20,-40.58,,1745209605,,,,,,,,,,,,2025-04-21 09:56:44.699
tf,NFO,79554,,,,,198.60,-40.76,,1745209606,,,,,,,,,,,,2025-04-21 09:56:45.718
tf,NFO,79554,,,,,,,,1745209606,,,,239.86,4544850,,,198.85,199.20,150,525,2025-04-21 09:56:45.885
tf,NFO,79554,,,,,198.65,-40.75,,1745209607,,,,,,,,,,,,2025-04-21 09:56:46.706
tf,NFO,79554,,,,,199.00,-40.64,,1745209607,,,,239.84,4546575,,,198.45,198.90,75,750,2025-04-21 09:56:47.380
tf,NFO,79554,,,,,198.50,-40.79,,1745209608,,,,,,,,,,,,2025-04-21 09:56:47.756
tf,NFO,79554,,,,,200.25,-40.27,,1745209609,,,,,,,,,,,,2025-04-21 09:56:48.672
tf,NFO,79554,,,,,200.90,-40.07,,1745209609,,,,239.83,4548675,,,200.70,201.15,150,300,2025-04-21 09:56:49.178
tf,NFO,79554,,,,,200.65,-40.15,,1745209610,,,,,,,,,,,,2025-04-21 09:56:49.660
tf,NFO,79554,,,,,200.70,-40.13,,1745209611,,,,,,,,,,,,2025-04-21 09:56:50.674
tf,NFO,79554,,,,,,,,1745209611,,,,239.82,4549500,,,199.25,199.70,375,675,2025-04-21 09:56:50.780
tf,NFO,79554,,,,,199.65,-40.45,,1745209612,,,,,,,,,,,,2025-04-21 09:56:52.285
tf,NFO,79554,,,,,199.80,-40.40,,1745209612,,,,239.80,4551150,,,199.95,200.40,150,375,2025-04-21 09:56:52.443
tf,NFO,79554,,,,,200.35,-40.24,,1745209614,,,,,4552200,,,199.80,200.25,300,300,2025-04-21 09:56:54.252
tf,NFO,79554,,,,,199.50,-40.49,,1745209615,,,,,,,,,,,,2025-04-21 09:56:54.668
tf,NFO,79554,,,,,198.50,-40.79,,1745209616,,,,,,,,,,,,2025-04-21 09:56:55.666
tf,NFO,79554,,,,,198.60,-40.76,,1745209616,,,,239.76,4555950,,,198.00,198.35,375,,2025-04-21 09:56:55.788
tf,NFO,79554,,,,,199.00,-40.64,,1745209617,,,,,,,,,,,,2025-04-21 09:56:56.667
tf,NFO,79554,,,,,198.75,-40.72,,1745209617,,,,,4556700,,,198.70,198.95,75,,2025-04-21 09:56:57.392
tf,NFO,79554,,,,,198.70,-40.73,,1745209618,,,,,,,,,,,,2025-04-21 09:56:57.671
tf,NFO,79554,,,,,198.95,-40.66,,1745209619,,,,,,,,,,,,2025-04-21 09:56:58.821
tf,NFO,79554,,,,,199.00,-40.64,,1745209619,,,,239.74,4558275,,,198.95,199.40,525,375,2025-04-21 09:56:59.242
tf,NFO,79554,,,,,198.80,-40.70,,1745209620,,,,,,,,,,,,2025-04-21 09:56:59.669
tf,NFO,79554,,,,,198.00,-40.94,,1745209621,,,,,,,,,,,,2025-04-21 09:57:00.671
tf,NFO,79554,,,,,197.55,-41.07,,1745209621,,,,239.71,4561950,,,197.55,197.95,375,225,2025-04-21 09:57:00.795
tf,NFO,79554,,,,,197.60,-41.06,,1745209622,,,,,,,,,,,,2025-04-21 09:57:01.671
tf,NFO,79554,,,,,196.80,-41.30,,1745209622,,,,239.68,4564725,,,197.45,197.85,75,,2025-04-21 09:57:02.399
tf,NFO,79554,,,,,197.85,-40.98,,1745209623,,,,,,,,,,,,2025-04-21 09:57:02.673
tf,NFO,79554,,,,,197.25,-41.16,,1745209624,,,,,,,,,,,,2025-04-21 09:57:03.672
tf,NFO,79554,,,,,198.45,-40.81,,1745209624,,,,239.64,4569000,,,198.25,198.70,225,375,2025-04-21 09:57:04.199
tf,NFO,79554,,,,,197.95,-40.95,,1745209625,,,,,,,,,,,,2025-04-21 09:57:04.722
tf,NFO,79554,,,,,198.30,-40.85,,1745209626,,,,,,,,,,,,2025-04-21 09:57:05.784
tf,NFO,79554,,,,,198.05,-40.92,,1745209626,,,,239.62,4571325,,,,198.50,150,525,2025-04-21 09:57:05.803
tf,NFO,79554,,,,,198.60,-40.76,,1745209627,,,,239.61,4572825,,,,,75,675,2025-04-21 09:57:07.411
tf,NFO,79554,,,,,198.70,-40.73,,1745209629,,,,,,,,,,,,2025-04-21 09:57:08.676
tf,NFO,79554,,,,,198.00,-40.94,,1745209629,,,,239.60,4574025,,,197.50,198.00,300,375,2025-04-21 09:57:09.214
tf,NFO,79554,,,,,198.10,-40.91,,1745209630,,,,,,,,,,,,2025-04-21 09:57:09.678
tf,NFO,79554,,,,,197.35,-41.13,,1745209631,,,,,,,,,,,,2025-04-21 09:57:10.678
tf,NFO,79554,,,,,197.65,-41.04,,1745209631,,,,239.57,4576875,,,197.25,197.60,450,150,2025-04-21 09:57:10.813
tf,NFO,79554,,,,,197.15,-41.19,,1745209632,,,,,,,,,,,,2025-04-21 09:57:11.727
tf,NFO,79554,,,,,197.05,-41.22,,1745209632,,,,239.55,4579200,,,196.55,197.00,750,525,2025-04-21 09:57:12.530
tf,NFO,79554,,,,,197.30,-41.15,,1745209634,,,,,,,,,,,,2025-04-21 09:57:13.684
tf,NFO,79554,,,,,197.00,-41.24,,1745209634,,,,239.53,4580925,,,196.40,196.85,225,300,2025-04-21 09:57:14.222
tf,NFO,79554,,,,,196.55,-41.37,,1745209635,,,,,,,,,,,,2025-04-21 09:57:14.681
tf,NFO,79554,,,,,196.20,-41.48,,1745209636,,,,,,,,,,,,2025-04-21 09:57:15.683
tf,NFO,79554,,,,,196.55,-41.37,,1745209636,,,,239.52,4582425,,,196.75,197.20,525,375,2025-04-21 09:57:15.819
tf,NFO,79554,,,,,198.30,-40.85,,1745209637,,,,,,,,,,,,2025-04-21 09:57:16.684
tf,NFO,79554,,,,,197.50,-41.09,,1745209637,,,,239.49,4585125,,,197.30,197.60,75,750,2025-04-21 09:57:17.442
tf,NFO,79554,,,,,197.30,-41.15,,1745209639,,,,,,,,,,,,2025-04-21 09:57:18.682
tf,NFO,79554,,,,,197.95,-40.95,,1745209639,,,,239.48,4586850,,,197.45,197.90,450,600,2025-04-21 09:57:19.269
tf,NFO,79554,,,,,198.00,-40.94,,1745209640,,,,,,,,,,,,2025-04-21 09:57:19.694
tf,NFO,79554,,,,,197.35,-41.13,,1745209641,,,,,,,,,,,,2025-04-21 09:57:20.714
tf,NFO,79554,,,,,,,,1745209641,,,,239.47,4587825,,,196.60,197.00,75,525,2025-04-21 09:57:20.907
tf,NFO,79554,,,,,197.15,-41.19,,1745209642,,,,,,,,,,,,2025-04-21 09:57:21.685
tf,NFO,79554,,,,,197.00,-41.24,,1745209642,,,,239.45,4589775,,,196.45,196.90,375,,2025-04-21 09:57:22.453
tf,NFO,79554,,,,,196.80,-41.30,,1745209643,,,,,,,,,,,,2025-04-21 09:57:22.685
tf,NFO,79554,,,,,196.85,-41.28,,1745209644,,,,,,,,,,,,2025-04-21 09:57:23.688
tf,NFO,79554,,,,,195.95,-41.55,,1745209644,,,,239.43,4591800,,,195.80,196.20,300,75,2025-04-21 09:57:24.235
tf,NFO,79554,,,,,195.90,-41.57,,1745209645,,,,,,,,,,,,2025-04-21 09:57:24.789
tf,NFO,79554,,,,,197.20,-41.18,,1745209646,,,,,,,,,,,,2025-04-21 09:57:25.690
tf,NFO,79554,,,,,,,,1745209646,,,,,4592625,,,197.20,197.60,150,975,2025-04-21 09:57:25.859
tf,NFO,79554,,,,,196.00,-41.54,,1745209647,,,,,,,,,,,,2025-04-21 09:57:26.687
tf,NFO,79554,,,,,,,,1745209647,,,,239.41,4594350,,,195.70,196.10,,300,2025-04-21 09:57:27.459
tf,NFO,79554,,,,,195.90,-41.57,,1745209648,,,,,,,,,,,,2025-04-21 09:57:27.689
tf,NFO,79554,,,,,196.40,-41.42,,1745209649,,,,,,,,,,,,2025-04-21 09:57:28.690
tf,NFO,79554,,,,,196.10,-41.51,,1745209649,,,,239.37,4598925,,,196.30,196.75,525,525,2025-04-21 09:57:29.238
tf,NFO,79554,,,,,196.45,-41.40,,1745209650,,,,,,,,,,,,2025-04-21 09:57:29.690
tf,NFO,79554,,,,,196.40,-41.42,,1745209651,,,,,,,,,,,,2025-04-21 09:57:30.691
tf,NFO,79554,,,,,196.45,-41.40,,1745209651,,,,239.36,4599750,,,196.05,196.45,150,300,2025-04-21 09:57:30.840
tf,NFO,79554,,,,,196.55,-41.37,,1745209652,,,,,,,,,,,,2025-04-21 09:57:31.732
tf,NFO,79554,,,,,,,,1745209652,,,,239.35,4600275,,,195.95,196.35,300,75,2025-04-21 09:57:32.578
tf,NFO,79554,,,,,195.80,-41.60,,1745209653,,,,,,,,,,,,2025-04-21 09:57:32.888
tf,NFO,79554,,,,,196.55,-41.37,,1745209654,,,,,,,,,,,,2025-04-21 09:57:33.691
tf,NFO,79554,,,,,,,,1745209654,,,,239.34,4601925,,,196.35,196.80,600,525,2025-04-21 09:57:34.244
tf,NFO,79554,,,,,196.65,-41.34,,1745209655,,,,,,,,,,,,2025-04-21 09:57:34.691
tf,NFO,79554,,,,,196.40,-41.42,,1745209656,,,,,,,,,,,,2025-04-21 09:57:35.693
tf,NFO,79554,,,,,,,,1745209656,,,,239.33,4603200,,,196.00,196.40,1125,975,2025-04-21 09:57:35.847
tf,NFO,79554,,,,,196.20,-41.48,,1745209657,,,,,,,,,,,,2025-04-21 09:57:36.699
tf,NFO,79554,,,,,196.00,-41.54,,1745209657,,,,239.27,4609200,,,,196.35,300,75,2025-04-21 09:57:37.457
tf,NFO,79554,,,,,195.80,-41.60,,1745209658,,,,,,,,,,,,2025-04-21 09:57:37.699
tf,NFO,79554,,,,,195.25,-41.76,,1745209659,,,,,,,,,,,,2025-04-21 09:57:38.780
tf,NFO,79554,,,,,195.50,-41.69,,1745209659,,,,239.26,4610700,,,195.45,195.80,150,300,2025-04-21 09:57:39.142
tf,NFO,79554,,,,,195.40,-41.72,,1745209660,,,,,,,,,,,,2025-04-21 09:57:39.696
tf,NFO,79554,,,,,196.00,-41.54,,1745209661,,,,239.22,4614075,,,195.80,196.20,600,75,2025-04-21 09:57:40.695
tf,NFO,79554,,,,,196.15,-41.49,,1745209661,,,,,,687450,,,,,,2025-04-21 09:57:40.700
tf,NFO,79554,,,,,195.75,-41.61,,1745209662,,,,,,,,,,,,2025-04-21 09:57:41.702
tf,NFO,79554,,,,,195.80,-41.60,,1745209662,,,,239.18,4618275,,,195.20,195.60,900,450,2025-04-21 09:57:42.457
tf,NFO,79554,,,,,195.60,-41.66,,1745209663,,,,,,,,,,,,2025-04-21 09:57:42.710
tf,NFO,79554,,,,,195.15,-41.79,,1745209664,,,,,,,,,,,,2025-04-21 09:57:43.703
tf,NFO,79554,,,,,195.05,-41.82,,1745209664,,,,239.14,4623150,,,195.05,195.40,75,1125,2025-04-21 09:57:44.061
tf,NFO,79554,,,,,195.00,-41.83,,1745209665,,,,,,,,,,,,2025-04-21 09:57:44.736
tf,NFO,79554,,,,,195.20,-41.77,,1745209666,,,,239.12,4624650,,,194.80,195.20,300,75,2025-04-21 09:57:45.726
tf,NFO,79554,,,,,194.50,-41.98,,1745209667,,,,,,,,,,,,2025-04-21 09:57:46.701
tf,NFO,79554,,,,,,,,1745209667,,,,239.11,4626450,,,193.85,194.25,450,,2025-04-21 09:57:47.466
tf,NFO,79554,,,,,194.25,-42.06,,1745209668,,,,,,,,,,,,2025-04-21 09:57:47.717
tf,NFO,79554,,,,,197.20,-41.18,,1745209669,,,,,,,,,,,,2025-04-21 09:57:48.903
tf,NFO,79554,,,,,,,,1745209669,,,,239.06,4630875,,,197.20,197.60,525,900,2025-04-21 09:57:49.072
tf,NFO,79554,,,,,198.60,-40.76,,1745209670,,,,,,,,,,,,2025-04-21 09:57:49.702
tf,NFO,79554,,,,,198.00,-40.94,,1745209671,,,,239.04,4634100,,,197.45,197.90,600,675,2025-04-21 09:57:50.677
tf,NFO,79554,,,,,199.30,-40.55,,1745209672,,,,,,,,,,,,2025-04-21 09:57:51.833
tf,NFO,79554,,,,,198.55,-40.78,,1745209672,,,,239.02,4635450,,,198.25,198.70,,375,2025-04-21 09:57:52.476
tf,NFO,79554,,,,,200.00,-40.34,,1745209674,,,,,,,,,,,,2025-04-21 09:57:53.899
tf,NFO,79554,,,,,200.50,-40.19,,1745209674,,,,238.97,4641675,,,199.75,200.20,300,900,2025-04-21 09:57:54.202
tf,NFO,79554,,,,,200.10,-40.31,,1745209675,,,,,,,,,,,,2025-04-21 09:57:54.818
tf,NFO,79554,,,,,199.40,-40.52,,1745209676,,,,238.95,4644825,,,199.25,199.60,225,600,2025-04-21 09:57:55.685
tf,NFO,79554,,,,,199.95,-40.36,,1745209677,,,,,,,,,,,,2025-04-21 09:57:56.709
tf,NFO,79554,,,,,200.65,-40.15,,1745209677,,,,238.93,4647225,,,200.70,201.00,525,375,2025-04-21 09:57:57.485
tf,NFO,79554,,,,,201.00,-40.04,,1745209678,,,,,,,,,,,,2025-04-21 09:57:57.796
tf,NFO,79554,,,,,201.45,-39.91,,1745209679,,,,,,,,,,,,2025-04-21 09:57:58.799
tf,NFO,79554,,,,,200.90,-40.07,,1745209679,,,,238.91,4649250,,,200.65,200.90,450,450,2025-04-21 09:57:59.294
tf,NFO,79554,,,,,198.60,-40.76,,1745209680,,,,,,,,,,,,2025-04-21 09:57:59.708
tf,NFO,79554,,,,,199.20,-40.58,,1745209681,,,,238.87,4653300,,,198.65,199.00,75,75,2025-04-21 09:58:00.713
tf,NFO,79554,,,,,199.10,-40.61,,1745209682,,,,,,,,,,,,2025-04-21 09:58:01.708
tf,NFO,79554,,,,,,,,1745209682,,,,,4654050,,,198.50,198.90,,675,2025-04-21 09:58:02.493
tf,NFO,79554,,,,,199.00,-40.64,,1745209683,,,,,,,,,,,,2025-04-21 09:58:02.707
tf,NFO,79554,,,,,198.00,-40.94,,1745209684,,,,,,,,,,,,2025-04-21 09:58:03.713
tf,NFO,79554,,,,,197.10,-41.21,,1745209684,,,,238.86,4655175,,,196.80,197.25,225,,2025-04-21 09:58:04.102
tf,NFO,79554,,,,,197.45,-41.10,,1745209685,,,,,,,,,,,,2025-04-21 09:58:04.733
tf,NFO,79554,,,,,198.00,-40.94,,1745209686,,,,238.85,4656000,,,197.60,198.00,1125,300,2025-04-21 09:58:05.860
tf,NFO,79554,,,,,197.75,-41.01,,1745209687,,,,,,,,,,,,2025-04-21 09:58:06.732
tf,NFO,79554,,,,,197.40,-41.12,,1745209687,,,,238.84,4656975,,,197.05,197.40,375,75,2025-04-21 09:58:07.501
tf,NFO,79554,,,,,196.40,-41.42,,1745209689,,,,,,,,,,,,2025-04-21 09:58:08.715
tf,NFO,79554,,,,,196.80,-41.30,,1745209689,,,,,4657650,,,196.20,196.60,150,750,2025-04-21 09:58:09.107
tf,NFO,79554,,,,,195.95,-41.55,,1745209690,,,,,,,,,,,,2025-04-21 09:58:09.718
tf,NFO,79554,,,,,195.50,-41.69,,1745209691,,,,238.82,4658925,,,195.15,195.50,300,525,2025-04-21 09:58:10.708
tf,NFO,79554,,,,,194.25,-42.06,,1745209692,,,,,,,,,,,,2025-04-21 09:58:11.807
tf,NFO,79554,,,,,194.90,-41.86,,1745209692,,,,238.80,4661775,,,194.45,194.85,375,75,2025-04-21 09:58:12.583
tf,NFO,79554,,,,,194.60,-41.95,,1745209694,,,,,,,,,,,,2025-04-21 09:58:13.727
tf,NFO,79554,,,,,,,,1745209694,,,,238.77,4665000,,,194.00,194.30,300,450,2025-04-21 09:58:14.125
tf,NFO,79554,,,,,195.20,-41.77,,1745209695,,,,,,,,,,,,2025-04-21 09:58:14.718
tf,NFO,79554,,,,,194.40,-42.01,,1745209696,,,,238.75,4666725,,,,,1350,75,2025-04-21 09:58:15.715
tf,NFO,79554,,,,,194.20,-42.07,,1745209697,,,,,,,,,,,,2025-04-21 09:58:16.726
tf,NFO,79554,,,,,194.40,-42.01,,1745209697,,,,,4667175,,,,194.40,1275,,2025-04-21 09:58:18.302
tf,NFO,79554,,,,,193.70,-42.22,,1745209698,,,,,,,,,,,,2025-04-21 09:58:18.341
tf,NFO,79554,,,,,193.90,-42.16,,1745209699,,,,,,,,,,,,2025-04-21 09:58:18.739
tf,NFO,79554,,,,,194.05,-42.12,,1745209699,,,,238.74,4667625,,,,194.30,75,,2025-04-21 09:58:19.140
tf,NFO,79554,,,,,194.60,-41.95,,1745209700,,,,,,,,,,,,2025-04-21 09:58:19.721
tf,NFO,79554,,,,,195.05,-41.82,,1745209701,,,,,,,,,,,,2025-04-21 09:58:20.720
tf,NFO,79554,,,,,,,,1745209701,,,,238.72,4670175,,,194.65,195.05,450,150,2025-04-21 09:58:20.740
tf,NFO,79554,,,,,195.20,-41.77,,1745209702,,,,,,,,,,,,2025-04-21 09:58:21.724
tf,NFO,79554,,,,,194.40,-42.01,,1745209702,,,,238.71,4671375,,,194.60,194.85,150,75,2025-04-21 09:58:22.525
tf,NFO,79554,,,,,194.95,-41.85,,1745209703,,,,,,,,,,,,2025-04-21 09:58:22.731
tf,NFO,79554,,,,,195.10,-41.80,,1745209704,,,,,,,,,,,,2025-04-21 09:58:23.723
tf,NFO,79554,,,,,194.40,-42.01,,1745209704,,,,238.69,4672800,,,194.25,194.50,75,,2025-04-21 09:58:24.142
tf,NFO,79554,,,,,194.60,-41.95,,1745209705,,,,,,,,,,,,2025-04-21 09:58:24.780
