t,e,tk,ts,pp,ls,ti,lp,pc,c,ft,o,h,l,ap,v,oi,poi,bp1,sp1,bq1,sq1,received_timestamp
tk,NFO,79510,NIFTY24APR25P23700,2,75,0.05,60.95,-54.67,134.45,1745209403,118.05,118.05,56.10,77.83,14570775,3201825,2471100,60.75,60.85,825,375,2025-04-21 09:53:24.011
tf,NFO,79510,,,,,61.50,-54.26,,1745209404,,,,,,,,,,,,2025-04-21 09:53:24.591
tf,NFO,79510,,,,,61.55,-54.22,,1745209405,,,,,14573325,,,61.40,61.55,375,1350,2025-04-21 09:53:24.762
tf,NFO,79510,,,,,61.65,-54.15,,1745209405,,,,,,,,,,,,2025-04-21 09:53:25.605
tf,NFO,79510,,,,,62.05,-53.85,,1745209406,,,,,14579025,,,61.80,61.95,1950,75,2025-04-21 09:53:26.441
tf,NFO,79510,,,,,61.85,-54.00,,1745209407,,,,,,,,,,,,2025-04-21 09:53:27.638
tf,NFO,79510,,,,,62.20,-53.74,,1745209408,,,,77.82,14580750,,,62.25,62.35,150,525,2025-04-21 09:53:28.239
tf,NFO,79510,,,,,62.45,-53.55,,1745209408,,,,,,,,,,,,2025-04-21 09:53:28.658
tf,NFO,79510,,,,,62.40,-53.59,,1745209410,,,,,14583300,,,62.40,62.55,1725,75,2025-04-21 09:53:29.770
tf,NFO,79510,,,,,62.10,-53.81,,1745209410,,,,,,,,,,,,2025-04-21 09:53:30.593
tf,NFO,79510,,,,,62.30,-53.66,,1745209411,,,,,14587875,,,62.35,62.45,525,675,2025-04-21 09:53:31.381
tf,NFO,79510,,,,,62.20,-53.74,,1745209411,,,,,,,,,,,,2025-04-21 09:53:31.599
tf,NFO,79510,,,,,62.55,-53.48,,1745209412,,,,,,,,,,,,2025-04-21 09:53:32.592
tf,NFO,79510,,,,,62.80,-53.29,,1745209413,,,,77.81,14592375,,,62.65,62.85,1275,1125,2025-04-21 09:53:33.187
tf,NFO,79510,,,,,62.90,-53.22,,1745209413,,,,,,,,,,,,2025-04-21 09:53:33.600
tf,NFO,79510,,,,,62.65,-53.40,,1745209414,,,,,,,,,,,,2025-04-21 09:53:34.603
tf,NFO,79510,,,,,,,,1745209415,,,,,14597775,,,62.50,62.65,375,,2025-04-21 09:53:34.778
tf,NFO,79510,,,,,62.85,-53.25,,1745209415,,,,,,,,,,,,2025-04-21 09:53:35.594
tf,NFO,79510,,,,,62.70,-53.37,,1745209416,,,,77.80,14599725,,,,,300,1200,2025-04-21 09:53:36.384
tf,NFO,79510,,,,,62.65,-53.40,,1745209416,,,,,,,,,,,,2025-04-21 09:53:36.610
tf,NFO,79510,,,,,62.20,-53.74,,1745209417,,,,,,,,,,,,2025-04-21 09:53:37.597
tf,NFO,79510,,,,,62.25,-53.70,,1745209418,,,,,14602050,,,62.30,62.45,75,900,2025-04-21 09:53:38.191
tf,NFO,79510,,,,,62.00,-53.89,,1745209418,,,,,,,,,,,,2025-04-21 09:53:38.598
tf,NFO,79510,,,,,62.15,-53.77,,1745209419,,,,,,,,,,,,2025-04-21 09:53:39.952
tf,NFO,79510,,,,,62.00,-53.89,,1745209420,,,,77.79,14608950,,,62.00,62.10,1650,150,2025-04-21 09:53:40.141
tf,NFO,79510,,,,,61.65,-54.15,,1745209420,,,,,,,,,,,,2025-04-21 09:53:40.607
tf,NFO,79510,,,,,61.00,-54.63,,1745209421,,,,,14614875,,,61.00,61.15,525,1725,2025-04-21 09:53:41.418
tf,NFO,79510,,,,,61.05,-54.59,,1745209421,,,,,,,,,,,,2025-04-21 09:53:41.619
tf,NFO,79510,,,,,61.45,-54.30,,1745209422,,,,,,,,,,,,2025-04-21 09:53:42.602
tf,NFO,79510,,,,,62.00,-53.89,,1745209423,,,,77.78,14619450,,,62.10,62.25,1350,525,2025-04-21 09:53:43.189
tf,NFO,79510,,,,,62.35,-53.63,,1745209423,,,,,,,,,,,,2025-04-21 09:53:43.611
tf,NFO,79510,,,,,61.70,-54.11,,1745209424,,,,,,,,,,,,2025-04-21 09:53:44.603
tf,NFO,79510,,,,,61.85,-54.00,,1745209425,,,,,14621175,,,61.75,61.85,75,1875,2025-04-21 09:53:44.797
tf,NFO,79510,,,,,62.35,-53.63,,1745209425,,,,,,,,,,,,2025-04-21 09:53:45.675
tf,NFO,79510,,,,,62.20,-53.74,,1745209426,,,,,14624400,,,62.25,62.35,,600,2025-04-21 09:53:46.520
tf,NFO,79510,,,,,62.30,-53.66,,1745209426,,,,,,,,,,,,2025-04-21 09:53:46.702
tf,NFO,79510,,,,,62.35,-53.63,,1745209427,,,,,,,,,,,,2025-04-21 09:53:47.606
tf,NFO,79510,,,,,62.00,-53.89,,1745209428,,,,77.77,14627700,,,61.90,62.05,1350,75,2025-04-21 09:53:48.198
tf,NFO,79510,,,,,61.90,-53.96,,1745209428,,,,,,,,,,,,2025-04-21 09:53:48.604
tf,NFO,79510,,,,,61.95,-53.92,,1745209429,,,,,,,,,,,,2025-04-21 09:53:49.604
tf,NFO,79510,,,,,,,,1745209430,,,,,14630925,,,61.75,61.90,300,2025,2025-04-21 09:53:49.828
tf,NFO,79510,,,,,62.45,-53.55,,1745209430,,,,,,,,,,,,2025-04-21 09:53:50.610
tf,NFO,79510,,,,,61.60,-54.18,,1745209431,,,,77.76,14641050,,,,,150,2250,2025-04-21 09:53:51.426
tf,NFO,79510,,,,,61.90,-53.96,,1745209431,,,,,,,,,,,,2025-04-21 09:53:51.632
tf,NFO,79510,,,,,61.80,-54.03,,1745209432,,,,,,,,,,,,2025-04-21 09:53:52.647
tf,NFO,79510,,,,,61.60,-54.18,,1745209433,,,,,14644125,,,61.50,61.60,900,450,2025-04-21 09:53:53.226
tf,NFO,79510,,,,,61.45,-54.30,,1745209433,,,,,,,,,,,,2025-04-21 09:53:53.668
tf,NFO,79510,,,,,61.60,-54.18,,1745209434,,,,,,,,,,,,2025-04-21 09:53:54.656
tf,NFO,79510,,,,,61.55,-54.22,,1745209435,,,,77.75,14646600,,,61.60,61.70,75,375,2025-04-21 09:53:55.035
tf,NFO,79510,,,,,61.75,-54.07,,1745209435,,,,,,,,,,,,2025-04-21 09:53:55.619
tf,NFO,79510,,,,,61.30,-54.41,,1745209436,,,,,14649450,,,61.15,61.30,600,825,2025-04-21 09:53:56.508
tf,NFO,79510,,,,,61.15,-54.52,,1745209436,,,,,,,,,,,,2025-04-21 09:53:56.619
tf,NFO,79510,,,,,62.00,-53.89,,1745209437,,,,,,,,,,,,2025-04-21 09:53:57.628
tf,NFO,79510,,,,,61.50,-54.26,,1745209438,,,,,14653050,,,61.45,61.60,150,2100,2025-04-21 09:53:58.216
tf,NFO,79510,,,,,61.10,-54.56,,1745209439,,,,,,,,,,,,2025-04-21 09:53:59.632
tf,NFO,79510,,,,,60.50,-55.00,,1745209440,,,,77.74,14658675,,,60.55,60.70,825,900,2025-04-21 09:53:59.843
tf,NFO,79510,,,,,60.75,-54.82,,1745209440,,,,,,,,,,,,2025-04-21 09:54:00.665
tf,NFO,79510,,,,,61.00,-54.63,,1745209441,,,,,14661900,,,61.00,61.15,975,225,2025-04-21 09:54:01.461
tf,NFO,79510,,,,,61.10,-54.56,,1745209441,,,,,,,,,,,,2025-04-21 09:54:01.652
tf,NFO,79510,,,,,60.70,-54.85,,1745209442,,,,,,,,,,,,2025-04-21 09:54:02.615
tf,NFO,79510,,,,,60.60,-54.93,,1745209443,,,,77.73,14667300,,,60.60,60.80,2175,2325,2025-04-21 09:54:03.229
tf,NFO,79510,,,,,60.90,-54.70,,1745209443,,,,,,,,,,,,2025-04-21 09:54:03.616
tf,NFO,79510,,,,,60.70,-54.85,,1745209444,,,,,,,,,,,,2025-04-21 09:54:04.617
tf,NFO,79510,,,,,,,,1745209445,,,,77.72,14674500,,,61.20,61.35,1050,600,2025-04-21 09:54:04.824
tf,NFO,79510,,,,,61.40,-54.33,,1745209445,,,,,,,,,,,,2025-04-21 09:54:05.791
tf,NFO,79510,,,,,61.75,-54.07,,1745209446,,,,,14675850,,,61.75,61.90,825,,2025-04-21 09:54:06.546
tf,NFO,79510,,,,,61.85,-54.00,,1745209446,,,,,,,,,,,,2025-04-21 09:54:06.763
tf,NFO,79510,,,,,61.00,-54.63,,1745209447,,,,,,,,,,,,2025-04-21 09:54:07.616
tf,NFO,79510,,,,,60.95,-54.67,,1745209448,,,,,14678025,,,60.70,60.85,1275,75,2025-04-21 09:54:08.230
tf,NFO,79510,,,,,61.00,-54.63,,1745209448,,,,,,,,,,,,2025-04-21 09:54:08.623
tf,NFO,79510,,,,,61.15,-54.52,,1745209449,,,,,,,,,,,,2025-04-21 09:54:09.626
tf,NFO,79510,,,,,61.35,-54.37,,1745209450,,,,77.71,14681250,,,61.20,61.35,1200,450,2025-04-21 09:54:09.841
tf,NFO,79510,,,,,61.50,-54.26,,1745209450,,,,,,,,,,,,2025-04-21 09:54:10.627
tf,NFO,79510,,,,,61.70,-54.11,,1745209451,,,,,14682000,,,61.40,61.55,750,600,2025-04-21 09:54:11.437
tf,NFO,79510,,,,,61.40,-54.33,,1745209452,,,,,,,,,,,,2025-04-21 09:54:12.923
tf,NFO,79510,,,,,61.90,-53.96,,1745209453,,,,,14684100,,,61.70,61.90,1350,1425,2025-04-21 09:54:13.295
tf,NFO,79510,,,,,61.45,-54.30,,1745209454,,,,,,,,,,,,2025-04-21 09:54:14.622
tf,NFO,79510,,,,,61.10,-54.56,,1745209455,,,,,14686050,,,61.10,61.25,750,525,2025-04-21 09:54:14.882
tf,NFO,79510,,,,,60.45,-55.04,,1745209456,,,,77.70,14689875,,,60.20,60.35,975,750,2025-04-21 09:54:16.447
tf,NFO,79510,,,,,60.20,-55.22,,1745209456,,,,,,,,,,,,2025-04-21 09:54:16.622
tf,NFO,79510,,,,,60.65,-54.89,,1745209457,,,,,,,,,,,,2025-04-21 09:54:17.636
tf,NFO,79510,,,,,60.70,-54.85,,1745209458,,,,,14693850,,,60.65,60.85,1050,1575,2025-04-21 09:54:18.318
tf,NFO,79510,,,,,60.60,-54.93,,1745209458,,,,,,,,,,,,2025-04-21 09:54:18.626
tf,NFO,79510,,,,,59.85,-55.49,,1745209459,,,,,,,,,,,,2025-04-21 09:54:20.113
tf,NFO,79510,,,,,59.70,-55.60,,1745209460,,,,77.68,14712750,,,59.50,59.60,150,900,2025-04-21 09:54:20.129
tf,NFO,79510,,,,,59.50,-55.75,,1745209460,,,,,,,,,,,,2025-04-21 09:54:20.648
tf,NFO,79510,,,,,59.00,-56.12,,1745209461,,,,77.67,14720175,,,59.10,59.20,,600,2025-04-21 09:54:21.455
tf,NFO,79510,,,,,59.25,-55.93,,1745209461,,,,,,,,,,,,2025-04-21 09:54:21.664
tf,NFO,79510,,,,,59.55,-55.71,,1745209462,,,,,,,,,,,,2025-04-21 09:54:22.707
tf,NFO,79510,,,,,59.15,-56.01,,1745209463,,,,77.66,14725725,,,59.05,59.25,2250,150,2025-04-21 09:54:23.281
tf,NFO,79510,,,,,59.00,-56.12,,1745209463,,,,,,,,,,,,2025-04-21 09:54:23.625
tf,NFO,79510,,,,,59.05,-56.08,,1745209464,,,,,,,,,,,,2025-04-21 09:54:24.646
tf,NFO,79510,,,,,59.15,-56.01,,1745209465,,,,77.64,14743200,,,,,975,1575,2025-04-21 09:54:24.930
tf,NFO,79510,,,,,59.45,-55.78,,1745209465,,,,,,,,,,,,2025-04-21 09:54:25.679
tf,NFO,79510,,,,,59.20,-55.97,,1745209466,,,,77.63,14748075,,,,59.20,,675,2025-04-21 09:54:26.623
tf,NFO,79510,,,,,59.40,-55.82,,1745209467,,,,,,,,,,,,2025-04-21 09:54:27.661
tf,NFO,79510,,,,,,,,1745209468,,,,,14753400,,,59.30,59.45,1950,225,2025-04-21 09:54:28.264
tf,NFO,79510,,,,,59.30,-55.89,,1745209468,,,,,,,,,,,,2025-04-21 09:54:28.632
tf,NFO,79510,,,,,59.05,-56.08,,1745209469,,,,,,,,,,,,2025-04-21 09:54:29.663
tf,NFO,79510,,,,,59.20,-55.97,,1745209470,,,,77.62,14757675,,,59.40,59.55,1125,300,2025-04-21 09:54:29.874
tf,NFO,79510,,,,,59.65,-55.63,,1745209470,,,,,,,,,,,,2025-04-21 09:54:30.711
tf,NFO,79510,,,,,58.90,-56.19,,1745209471,,,,,14759100,,,58.90,59.05,1275,2175,2025-04-21 09:54:31.475
tf,NFO,79510,,,,,59.00,-56.12,,1745209472,,,,,,,,,,,,2025-04-21 09:54:31.631
tf,NFO,79510,,,,,59.45,-55.78,,1745209473,,,,,,,,,,,,2025-04-21 09:54:32.808
tf,NFO,79510,,,,,59.70,-55.60,,1745209473,,,,77.61,14762850,,,59.70,59.85,2175,300,2025-04-21 09:54:33.368
tf,NFO,79510,,,,,59.75,-55.56,,1745209474,,,,,,,,,,,,2025-04-21 09:54:33.635
tf,NFO,79510,,,,,59.00,-56.12,,1745209475,,,,,,,,,,,,2025-04-21 09:54:34.654
tf,NFO,79510,,,,,59.10,-56.04,,1745209475,,,,,14769750,,,59.05,59.25,2100,975,2025-04-21 09:54:34.877
tf,NFO,79510,,,,,59.45,-55.78,,1745209476,,,,,,,,,,,,2025-04-21 09:54:35.737
tf,NFO,79510,,,,,59.00,-56.12,,1745209476,,,,77.60,14773500,,,59.00,59.15,600,750,2025-04-21 09:54:36.480
tf,NFO,79510,,,,,59.15,-56.01,,1745209477,,,,,,,,,,,,2025-04-21 09:54:36.635
tf,NFO,79510,,,,,58.85,-56.23,,1745209478,,,,,,,,,,,,2025-04-21 09:54:37.658
tf,NFO,79510,,,,,59.05,-56.08,,1745209478,,,,,14775075,,,59.10,59.25,1125,675,2025-04-21 09:54:38.281
tf,NFO,79510,,,,,59.40,-55.82,,1745209479,,,,,,,,,,,,2025-04-21 09:54:38.770
tf,NFO,79510,,,,,58.50,-56.49,,1745209480,,,,,,3237075,,,,,,2025-04-21 09:54:39.742
tf,NFO,79510,,,,,58.70,-56.34,,1745209480,,,,77.59,14778975,,,58.75,58.95,825,1575,2025-04-21 09:54:39.934
tf,NFO,79510,,,,,58.55,-56.45,,1745209481,,,,,,,,,,,,2025-04-21 09:54:40.647
tf,NFO,79510,,,,,58.20,-56.71,,1745209481,,,,,14783250,,,58.35,58.50,600,,2025-04-21 09:54:41.495
tf,NFO,79510,,,,,58.45,-56.53,,1745209482,,,,,,,,,,,,2025-04-21 09:54:41.638
tf,NFO,79510,,,,,58.20,-56.71,,1745209483,,,,,,,,,,,,2025-04-21 09:54:42.649
tf,NFO,79510,,,,,58.45,-56.53,,1745209483,,,,77.58,14792175,,,58.40,,450,75,2025-04-21 09:54:43.285
tf,NFO,79510,,,,,58.65,-56.38,,1745209484,,,,,,,,,,,,2025-04-21 09:54:43.644
tf,NFO,79510,,,,,58.40,-56.56,,1745209485,,,,,,,,,,,,2025-04-21 09:54:44.646
tf,NFO,79510,,,,,58.05,-56.82,,1745209485,,,,77.57,14793750,,,58.05,58.25,1575,1875,2025-04-21 09:54:44.888
tf,NFO,79510,,,,,58.40,-56.56,,1745209486,,,,,14799375,,,58.40,58.55,1125,450,2025-04-21 09:54:46.686
tf,NFO,79510,,,,,58.25,-56.68,,1745209488,,,,,,,,,,,,2025-04-21 09:54:47.665
tf,NFO,79510,,,,,57.75,-57.05,,1745209488,,,,77.55,14816400,,,57.70,57.85,1050,375,2025-04-21 09:54:48.296
tf,NFO,79510,,,,,58.10,-56.79,,1745209489,,,,,,,,,,,,2025-04-21 09:54:48.646
tf,NFO,79510,,,,,58.00,-56.86,,1745209490,,,,,,,,,,,,2025-04-21 09:54:49.641
tf,NFO,79510,,,,,,,,1745209490,,,,77.54,14822475,,,58.00,58.05,600,75,2025-04-21 09:54:49.903
tf,NFO,79510,,,,,58.55,-56.45,,1745209491,,,,77.53,14828025,,,58.30,58.45,450,300,2025-04-21 09:54:51.499
tf,NFO,79510,,,,,58.00,-56.86,,1745209493,,,,,,,,,,,,2025-04-21 09:54:52.680
tf,NFO,79510,,,,,57.70,-57.08,,1745209493,,,,77.52,14831925,,,57.70,57.85,1050,900,2025-04-21 09:54:53.298
tf,NFO,79510,,,,,57.65,-57.12,,1745209494,,,,,,,,,,,,2025-04-21 09:54:53.656
tf,NFO,79510,,,,,57.50,-57.23,,1745209495,,,,,,,,,,,,2025-04-21 09:54:54.649
tf,NFO,79510,,,,,,,,1745209495,,,,,14836275,,,57.25,57.45,1125,750,2025-04-21 09:54:54.908
tf,NFO,79510,,,,,57.45,-57.27,,1745209496,,,,,,,,,,,,2025-04-21 09:54:55.646
tf,NFO,79510,,,,,57.55,-57.20,,1745209496,,,,,14838900,,,57.55,57.70,750,1275,2025-04-21 09:54:56.507
tf,NFO,79510,,,,,57.70,-57.08,,1745209497,,,,,,,,,,,,2025-04-21 09:54:56.649
tf,NFO,79510,,,,,58.20,-56.71,,1745209498,,,,,,,,,,,,2025-04-21 09:54:57.698
tf,NFO,79510,,,,,57.90,-56.94,,1745209498,,,,77.48,14864700,,,57.85,57.95,75,1125,2025-04-21 09:54:58.404
tf,NFO,79510,,,,,58.00,-56.86,,1745209499,,,,,,,,,,,,2025-04-21 09:54:58.872
tf,NFO,79510,,,,,56.80,-57.75,,1745209500,,,,,,,,,,,,2025-04-21 09:54:59.999
tf,NFO,79510,,,,,57.05,-57.57,,1745209500,,,,77.46,14878200,,,57.05,57.20,525,300,2025-04-21 09:55:00.029
tf,NFO,79510,,,,,57.10,-57.53,,1745209501,,,,,,,,,,,,2025-04-21 09:55:00.662
tf,NFO,79510,,,,,57.70,-57.08,,1745209501,,,,77.45,14884425,,,57.75,57.90,450,1650,2025-04-21 09:55:01.515
tf,NFO,79510,,,,,57.75,-57.05,,1745209502,,,,,,,,,,,,2025-04-21 09:55:01.858
tf,NFO,79510,,,,,58.25,-56.68,,1745209503,,,,,,,,,,,,2025-04-21 09:55:02.678
tf,NFO,79510,,,,,58.10,-56.79,,1745209503,,,,,14889750,,,58.00,58.15,300,1950,2025-04-21 09:55:03.316
tf,NFO,79510,,,,,57.75,-57.05,,1745209504,,,,,,,,,,,,2025-04-21 09:55:03.653
tf,NFO,79510,,,,,57.45,-57.27,,1745209505,,,,,,,,,,,,2025-04-21 09:55:04.650
tf,NFO,79510,,,,,,,,1745209505,,,,77.44,14895300,,,57.10,57.25,1275,225,2025-04-21 09:55:04.921
tf,NFO,79510,,,,,57.20,-57.46,,1745209506,,,,77.43,14902950,,,,,75,975,2025-04-21 09:55:06.574
tf,NFO,79510,,,,,57.15,-57.49,,1745209508,,,,,,,,,,,,2025-04-21 09:55:07.778
tf,NFO,79510,,,,,56.50,-57.98,,1745209508,,,,,14905725,,,56.55,56.70,675,375,2025-04-21 09:55:08.392
tf,NFO,79510,,,,,56.35,-58.09,,1745209509,,,,,,,,,,,,2025-04-21 09:55:08.709
tf,NFO,79510,,,,,56.50,-57.98,,1745209510,,,,,,,,,,,,2025-04-21 09:55:09.654
tf,NFO,79510,,,,,56.65,-57.87,,1745209510,,,,77.41,14914650,,,56.60,,525,,2025-04-21 09:55:09.929
tf,NFO,79510,,,,,56.30,-58.13,,1745209511,,,,,,,,,,,,2025-04-21 09:55:10.657
tf,NFO,79510,,,,,55.75,-58.53,,1745209511,,,55.65,77.39,14929575,,,55.65,55.80,,975,2025-04-21 09:55:11.528
tf,NFO,79510,,,,,55.85,-58.46,,1745209512,,,,,,,,,,,,2025-04-21 09:55:11.656
tf,NFO,79510,,,,,55.70,-58.57,,1745209513,,,,,,,,,,,,2025-04-21 09:55:12.727
tf,NFO,79510,,,,,55.85,-58.46,,1745209513,,,55.45,77.37,14945850,,,55.55,55.70,675,225,2025-04-21 09:55:13.353
tf,NFO,79510,,,,,55.45,-58.76,,1745209514,,,,,,,,,,,,2025-04-21 09:55:13.658
tf,NFO,79510,,,,,55.25,-58.91,,1745209515,,,,,,,,,,,,2025-04-21 09:55:14.659
tf,NFO,79510,,,,,55.00,-59.09,,1745209515,,,54.75,77.32,14976375,,,54.80,54.90,450,600,2025-04-21 09:55:14.931
tf,NFO,79510,,,,,54.65,-59.35,,1745209516,,,,,,,,,,,,2025-04-21 09:55:15.674
tf,NFO,79510,,,,,54.45,-59.50,,1745209516,,,54.40,77.30,14991150,,,54.35,54.55,1125,975,2025-04-21 09:55:16.536
tf,NFO,79510,,,,,54.35,-59.58,,1745209517,,,,,,,,,,,,2025-04-21 09:55:16.664
tf,NFO,79510,,,,,52.30,-61.10,,1745209518,,,,,,,,,,,,2025-04-21 09:55:17.866
tf,NFO,79510,,,,,52.20,-61.18,,1745209518,,,51.95,77.15,15089025,,,52.15,52.30,675,825,2025-04-21 09:55:18.426
tf,NFO,79510,,,,,51.80,-61.47,,1745209519,,,,,,,,,,,,2025-04-21 09:55:18.876
tf,NFO,79510,,,,,52.25,-61.14,,1745209520,,,,,,,,,,,,2025-04-21 09:55:19.879
tf,NFO,79510,,,,,52.00,-61.32,,1745209520,,,51.50,77.09,15120900,,,51.75,51.95,1125,975,2025-04-21 09:55:19.976
tf,NFO,79510,,,,,52.20,-61.18,,1745209521,,,,,,,,,,,,2025-04-21 09:55:20.673
tf,NFO,79510,,,,,52.05,-61.29,,1745209521,,,,77.06,15141150,,,51.90,52.05,2550,600,2025-04-21 09:55:21.542
tf,NFO,79510,,,,,52.30,-61.10,,1745209523,,,,,,,,,,,,2025-04-21 09:55:22.675
tf,NFO,79510,,,,,52.55,-60.91,,1745209523,,,,77.01,15172650,,,52.55,52.65,150,300,2025-04-21 09:55:23.349
tf,NFO,79510,,,,,52.70,-60.80,,1745209524,,,,,,,,,,,,2025-04-21 09:55:23.674
tf,NFO,79510,,,,,53.05,-60.54,,1745209525,,,,,,,,,,,,2025-04-21 09:55:24.693
tf,NFO,79510,,,,,53.10,-60.51,,1745209525,,,,76.99,15180600,,,53.05,53.15,525,75,2025-04-21 09:55:25.027
tf,NFO,79510,,,,,53.30,-60.36,,1745209526,,,,,,,,,,,,2025-04-21 09:55:25.909
tf,NFO,79510,,,,,,,,1745209526,,,,76.97,15195900,,,53.20,53.35,750,450,2025-04-21 09:55:26.560
tf,NFO,79510,,,,,53.15,-60.47,,1745209527,,,,,,,,,,,,2025-04-21 09:55:26.670
tf,NFO,79510,,,,,52.70,-60.80,,1745209528,,,,,,,,,,,,2025-04-21 09:55:27.676
tf,NFO,79510,,,,,52.10,-61.25,,1745209528,,,,76.94,15212325,,,52.00,52.15,150,1200,2025-04-21 09:55:28.379
tf,NFO,79510,,,,,52.20,-61.18,,1745209529,,,,,,,,,,,,2025-04-21 09:55:28.669
tf,NFO,79510,,,,,52.30,-61.10,,1745209530,,,,,,,,,,,,2025-04-21 09:55:29.672
tf,NFO,79510,,,,,52.70,-60.80,,1745209530,,,,76.91,15232725,,,52.75,52.85,,300,2025-04-21 09:55:29.960
tf,NFO,79510,,,,,53.25,-60.39,,1745209531,,,,,,,,,,,,2025-04-21 09:55:30.687
tf,NFO,79510,,,,,,,,1745209531,,,,76.88,15254550,,,53.25,53.40,1200,825,2025-04-21 09:55:31.558
tf,NFO,79510,,,,,53.40,-60.28,,1745209532,,,,,,,,,,,,2025-04-21 09:55:31.761
tf,NFO,79510,,,,,52.95,-60.62,,1745209533,,,,76.86,15262950,,,52.80,52.90,75,900,2025-04-21 09:55:33.363
tf,NFO,79510,,,,,53.25,-60.39,,1745209534,,,,,,,,,,,,2025-04-21 09:55:33.671
tf,NFO,79510,,,,,,,,1745209535,,,,76.85,15271200,,,53.30,53.40,150,600,2025-04-21 09:55:34.962
tf,NFO,79510,,,,,53.75,-60.02,,1745209536,,,,,,,,,,,,2025-04-21 09:55:35.892
tf,NFO,79510,,,,,53.45,-60.25,,1745209536,,,,76.84,15278775,,,53.40,53.55,900,1050,2025-04-21 09:55:36.597
tf,NFO,79510,,,,,53.10,-60.51,,1745209538,,,,,,,,,,,,2025-04-21 09:55:37.677
tf,NFO,79510,,,,,53.15,-60.47,,1745209538,,,,76.83,15282375,,,52.95,53.10,1275,750,2025-04-21 09:55:38.410
tf,NFO,79510,,,,,53.10,-60.51,,1745209539,,,,,,,,,,,,2025-04-21 09:55:38.950
tf,NFO,79510,,,,,53.20,-60.43,,1745209540,,,,,15284025,,,53.05,,225,75,2025-04-21 09:55:39.979
tf,NFO,79510,,,,,53.15,-60.47,,1745209541,,,,,,,,,,,,2025-04-21 09:55:40.783
tf,NFO,79510,,,,,53.10,-60.51,,1745209541,,,,76.82,15289200,,,53.10,53.25,450,900,2025-04-21 09:55:41.609
tf,NFO,79510,,,,,53.05,-60.54,,1745209543,,,,,,,,,,,,2025-04-21 09:55:42.679
tf,NFO,79510,,,,,,,,1745209543,,,,76.81,15295200,,,,53.20,75,1425,2025-04-21 09:55:43.391
tf,NFO,79510,,,,,53.10,-60.51,,1745209544,,,,,,,,,,,,2025-04-21 09:55:43.681
tf,NFO,79510,,,,,53.25,-60.39,,1745209545,,,,,,,,,,,,2025-04-21 09:55:44.705
tf,NFO,79510,,,,,53.30,-60.36,,1745209545,,,,,15296775,,,53.30,53.45,525,1275,2025-04-21 09:55:45.051
tf,NFO,79510,,,,,53.70,-60.06,,1745209546,,,,,,,,,,,,2025-04-21 09:55:45.697
tf,NFO,79510,,,,,53.60,-60.13,,1745209546,,,,76.80,15304425,,,53.60,53.75,750,150,2025-04-21 09:55:46.588
tf,NFO,79510,,,,,53.20,-60.43,,1745209548,,,,,15306150,,,53.10,53.25,,825,2025-04-21 09:55:48.382
tf,NFO,79510,,,,,53.00,-60.58,,1745209549,,,,,,,,,,,,2025-04-21 09:55:48.683
tf,NFO,79510,,,,,53.20,-60.43,,1745209550,,,,,,,,,,,,2025-04-21 09:55:49.685
tf,NFO,79510,,,,,53.05,-60.54,,1745209550,,,,76.79,15310125,,,,,600,975,2025-04-21 09:55:49.995
tf,NFO,79510,,,,,53.20,-60.43,,1745209551,,,,,,,,,,,,2025-04-21 09:55:50.684
tf,NFO,79510,,,,,53.45,-60.25,,1745209551,,,,,15311775,,,53.15,53.30,375,1275,2025-04-21 09:55:51.630
tf,NFO,79510,,,,,53.10,-60.51,,1745209552,,,,,,,,,,,,2025-04-21 09:55:51.804
tf,NFO,79510,,,,,53.90,-59.91,,1745209553,,,,,,,,,,,,2025-04-21 09:55:52.902
tf,NFO,79510,,,,,54.30,-59.61,,1745209553,,,,76.78,15317550,,,53.95,54.10,,1050,2025-04-21 09:55:53.391
tf,NFO,79510,,,,,53.95,-59.87,,1745209554,,,,,,,,,,,,2025-04-21 09:55:53.684
tf,NFO,79510,,,,,54.00,-59.84,,1745209555,,,,,15320550,,,53.90,54.00,150,1275,2025-04-21 09:55:55.013
tf,NFO,79510,,,,,54.15,-59.72,,1745209556,,,,76.77,15325950,,,54.00,54.15,675,900,2025-04-21 09:55:56.611
tf,NFO,79510,,,,,54.10,-59.76,,1745209558,,,,,,,,,,,,2025-04-21 09:55:57.690
tf,NFO,79510,,,,,54.50,-59.46,,1745209558,,,,76.75,15336375,,,54.35,54.50,450,600,2025-04-21 09:55:58.447
tf,NFO,79510,,,,,54.70,-59.32,,1745209559,,,,,,,,,,,,2025-04-21 09:55:58.727
tf,NFO,79510,,,,,55.10,-59.02,,1745209560,,,,,,,,,,,,2025-04-21 09:55:59.689
tf,NFO,79510,,,,,55.55,-58.68,,1745209560,,,,76.74,15345450,,,55.50,55.60,150,1050,2025-04-21 09:56:00.007
tf,NFO,79510,,,,,55.20,-58.94,,1745209561,,,,,,,,,,,,2025-04-21 09:56:00.890
tf,NFO,79510,,,,,55.15,-58.98,,1745209561,,,,76.73,15351825,,,55.20,55.35,2100,75,2025-04-21 09:56:01.614
tf,NFO,79510,,,,,55.45,-58.76,,1745209563,,,,,,,,,,,,2025-04-21 09:56:02.701
tf,NFO,79510,,,,,55.25,-58.91,,1745209563,,,,76.72,15358350,,,55.25,55.40,525,1275,2025-04-21 09:56:03.410
tf,NFO,79510,,,,,55.40,-58.80,,1745209564,,,,,,,,,,,,2025-04-21 09:56:03.693
tf,NFO,79510,,,,,55.60,-58.65,,1745209565,,,,,,,,,,,,2025-04-21 09:56:04.694
tf,NFO,79510,,,,,55.20,-58.94,,1745209565,,,,,15360675,,,55.15,55.30,1050,1575,2025-04-21 09:56:05.121
tf,NFO,79510,,,,,55.65,-58.61,,1745209566,,,,,,,,,,,,2025-04-21 09:56:05.783
tf,NFO,79510,,,,,55.40,-58.80,,1745209566,,,,76.71,15365475,,,55.30,55.45,975,675,2025-04-21 09:56:06.623
tf,NFO,79510,,,,,55.35,-58.83,,1745209567,,,,,,,,,,,,2025-04-21 09:56:06.690
tf,NFO,79510,,,,,55.15,-58.98,,1745209568,,,,,,,,,,,,2025-04-21 09:56:07.698
tf,NFO,79510,,,,,54.70,-59.32,,1745209568,,,,76.70,15375750,,,54.75,54.90,825,450,2025-04-21 09:56:08.418
tf,NFO,79510,,,,,54.85,-59.20,,1745209569,,,,,,,,,,,,2025-04-21 09:56:08.694
tf,NFO,79510,,,,,55.70,-58.57,,1745209570,,,,,,,,,,,,2025-04-21 09:56:09.695
tf,NFO,79510,,,,,56.00,-58.35,,1745209570,,,,76.66,15405600,,,55.80,56.00,1950,1350,2025-04-21 09:56:10.025
tf,NFO,79510,,,,,55.80,-58.50,,1745209571,,,,,,,,,,,,2025-04-21 09:56:10.692
tf,NFO,79510,,,,,,,,1745209571,,,,76.65,15408900,,,55.70,55.85,750,,2025-04-21 09:56:11.630
tf,NFO,79510,,,,,55.50,-58.72,,1745209573,,,,,,,,,,,,2025-04-21 09:56:12.728
tf,NFO,79510,,,,,55.60,-58.65,,1745209573,,,,76.64,15416475,,,55.55,55.70,1350,375,2025-04-21 09:56:13.524
tf,NFO,79510,,,,,55.70,-58.57,,1745209574,,,,,,,,,,,,2025-04-21 09:56:13.756
tf,NFO,79510,,,,,55.25,-58.91,,1745209575,,,,,,,,,,,,2025-04-21 09:56:14.778
tf,NFO,79510,,,,,55.35,-58.83,,1745209575,,,,,15417825,,,55.20,55.35,300,1800,2025-04-21 09:56:15.033
tf,NFO,79510,,,,,55.15,-58.98,,1745209576,,,,,,,,,,,,2025-04-21 09:56:15.701
tf,NFO,79510,,,,,55.60,-58.65,,1745209576,,,,76.63,15422400,,,55.50,55.65,900,825,2025-04-21 09:56:16.634
tf,NFO,79510,,,,,55.45,-58.76,,1745209578,,,,,,,,,,,,2025-04-21 09:56:17.705
tf,NFO,79510,,,,,55.05,-59.06,,1745209578,,,,,15426525,,,55.05,55.20,825,75,2025-04-21 09:56:18.477
tf,NFO,79510,,,,,55.40,-58.80,,1745209579,,,,,,,,,,,,2025-04-21 09:56:18.748
tf,NFO,79510,,,,,55.35,-58.83,,1745209580,,,,,,,,,,,,2025-04-21 09:56:19.707
tf,NFO,79510,,,,,55.40,-58.80,,1745209580,,,,76.62,15432000,,,55.25,55.40,,1500,2025-04-21 09:56:20.042
tf,NFO,79510,,,,,55.85,-58.46,,1745209581,,,,,,,,,,,,2025-04-21 09:56:20.706
tf,NFO,79510,,,,,56.00,-58.35,,1745209582,,,,76.61,15439200,,,56.00,56.10,1200,75,2025-04-21 09:56:21.640
tf,NFO,79510,,,,,56.20,-58.20,,1745209582,,,,,,,,,,,,2025-04-21 09:56:21.905
tf,NFO,79510,,,,,56.45,-58.01,,1745209583,,,,76.60,15445575,,,56.45,56.60,600,375,2025-04-21 09:56:23.441
tf,NFO,79510,,,,,56.65,-57.87,,1745209584,,,,,,,,,,,,2025-04-21 09:56:23.705
tf,NFO,79510,,,,,56.25,-58.16,,1745209585,,,,,,,,,,,,2025-04-21 09:56:24.782
tf,NFO,79510,,,,,56.35,-58.09,,1745209585,,,,,15446775,,,,,225,1800,2025-04-21 09:56:25.066
tf,NFO,79510,,,,,56.80,-57.75,,1745209586,,,,,,,,,,,,2025-04-21 09:56:25.808
tf,NFO,79510,,,,,56.65,-57.87,,1745209587,,,,,15449550,,,,,450,1425,2025-04-21 09:56:26.672
tf,NFO,79510,,,,,57.05,-57.57,,1745209588,,,,,,,,,,,,2025-04-21 09:56:27.712
tf,NFO,79510,,,,,57.20,-57.46,,1745209588,,,,76.59,15454125,,,56.95,57.10,225,2025,2025-04-21 09:56:28.455
tf,NFO,79510,,,,,57.00,-57.61,,1745209589,,,,,,,,,,,,2025-04-21 09:56:28.711
tf,NFO,79510,,,,,56.15,-58.24,,1745209590,,,,,,,,,,,,2025-04-21 09:56:29.714
tf,NFO,79510,,,,,56.35,-58.09,,1745209590,,,,76.58,15466200,,,56.30,56.45,1575,300,2025-04-21 09:56:30.058
tf,NFO,79510,,,,,56.30,-58.13,,1745209591,,,,,,,,,,,,2025-04-21 09:56:30.713
tf,NFO,79510,,,,,55.75,-58.53,,1745209592,,,,76.56,15478950,,,55.60,55.75,750,1050,2025-04-21 09:56:31.711
tf,NFO,79510,,,,,56.05,-58.31,,1745209593,,,,76.55,15481800,,,55.90,56.00,75,975,2025-04-21 09:56:33.462
tf,NFO,79510,,,,,55.70,-58.57,,1745209594,,,,,,,,,,,,2025-04-21 09:56:33.715
tf,NFO,79510,,,,,55.55,-58.68,,1745209595,,,,,,,,,,,,2025-04-21 09:56:34.714
tf,NFO,79510,,,,,55.50,-58.72,,1745209595,,,,,15485400,,,55.45,55.50,,525,2025-04-21 09:56:35.067
tf,NFO,79510,,,,,55.95,-58.39,,1745209596,,,,,,,,,,,,2025-04-21 09:56:35.716
tf,NFO,79510,,,,,55.55,-58.68,,1745209597,,,,76.54,15491025,,,55.35,,1275,150,2025-04-21 09:56:36.684
tf,NFO,79510,,,,,55.40,-58.80,,1745209598,,,,,,,,,,,,2025-04-21 09:56:37.715
tf,NFO,79510,,,,,55.05,-59.06,,1745209598,,,,76.49,15527550,,,54.95,55.10,2475,75,2025-04-21 09:56:38.561
tf,NFO,79510,,,,,55.15,-58.98,,1745209599,,,,,,,,,,,,2025-04-21 09:56:38.780
tf,NFO,79510,,,,,55.75,-58.53,,1745209600,,,,,,,,,,,,2025-04-21 09:56:39.717
tf,NFO,79510,,,,,55.35,-58.83,,1745209600,,,,76.47,15545175,,,55.00,,225,450,2025-04-21 09:56:40.075
tf,NFO,79510,,,,,54.90,-59.17,,1745209601,,,,,,,,,,,,2025-04-21 09:56:40.717
tf,NFO,79510,,,,,54.70,-59.32,,1745209602,,,,76.46,15548250,,,54.75,54.90,1650,750,2025-04-21 09:56:41.696
tf,NFO,79510,,,,,55.05,-59.06,,1745209603,,,,,,,,,,,,2025-04-21 09:56:42.732
tf,NFO,79510,,,,,55.10,-59.02,,1745209603,,,,76.45,15554325,,,54.90,55.10,1800,1650,2025-04-21 09:56:43.500
tf,NFO,79510,,,,,55.00,-59.09,,1745209604,,,,,,,,,,,,2025-04-21 09:56:43.741
tf,NFO,79510,,,,,54.60,-59.39,,1745209605,,,,,,,,,,,,2025-04-21 09:56:44.720
tf,NFO,79510,,,,,54.50,-59.46,,1745209605,,,,,15559050,,,54.30,54.50,2250,1425,2025-04-21 09:56:45.085
tf,NFO,79510,,,,,54.70,-59.32,,1745209606,,,,,,,,,,,,2025-04-21 09:56:45.723
tf,NFO,79510,,,,,54.75,-59.28,,1745209607,,,,76.44,15567600,,,54.55,54.70,1050,1350,2025-04-21 09:56:46.733
tf,NFO,79510,,,,,54.55,-59.43,,1745209608,,,,,,,,,,,,2025-04-21 09:56:47.758
tf,NFO,79510,,,,,54.50,-59.46,,1745209608,,,,76.43,15569475,,,,54.60,225,75,2025-04-21 09:56:48.484
tf,NFO,79510,,,,,54.85,-59.20,,1745209609,,,,,,,,,,,,2025-04-21 09:56:48.751
tf,NFO,79510,,,,,55.35,-58.83,,1745209610,,,,,,,,,,,,2025-04-21 09:56:49.724
tf,NFO,79510,,,,,55.30,-58.87,,1745209610,,,,76.42,15576300,,,55.20,55.30,825,,2025-04-21 09:56:50.091
tf,NFO,79510,,,,,54.60,-59.39,,1745209611,,,,,,,,,,,,2025-04-21 09:56:50.723
tf,NFO,79510,,,,,54.65,-59.35,,1745209612,,,,76.41,15583200,,,54.75,54.85,1125,,2025-04-21 09:56:52.290
tf,NFO,79510,,,,,54.95,-59.13,,1745209613,,,,,,,,,,,,2025-04-21 09:56:52.725
tf,NFO,79510,,,,,54.90,-59.17,,1745209613,,,,,15585000,,,54.70,54.80,75,975,2025-04-21 09:56:53.506
tf,NFO,79510,,,,,54.70,-59.32,,1745209614,,,,,,,,,,,,2025-04-21 09:56:53.737
tf,NFO,79510,,,,,54.85,-59.20,,1745209615,,,,,15586425,,,,54.85,1500,150,2025-04-21 09:56:55.100
tf,NFO,79510,,,,,54.25,-59.65,,1745209616,,,,,,,,,,,,2025-04-21 09:56:55.731
tf,NFO,79510,,,,,54.65,-59.35,,1745209617,,,,76.40,15594675,,,54.60,54.75,3075,525,2025-04-21 09:56:56.735
tf,NFO,79510,,,,,54.40,-59.54,,1745209618,,,,,,,,,,,,2025-04-21 09:56:57.733
tf,NFO,79510,,,,,54.35,-59.58,,1745209618,,,,76.39,15599175,,,54.45,54.60,675,1725,2025-04-21 09:56:58.635
tf,NFO,79510,,,,,54.30,-59.61,,1745209619,,,,,,,,,,,,2025-04-21 09:56:58.838
tf,NFO,79510,,,,,54.50,-59.46,,1745209620,,,,,,,,,,,,2025-04-21 09:56:59.731
tf,NFO,79510,,,,,54.10,-59.76,,1745209620,,,,,15604275,,,54.05,54.20,1500,825,2025-04-21 09:57:00.106
tf,NFO,79510,,,,,54.05,-59.80,,1745209621,,,,,,,,,,,,2025-04-21 09:57:00.739
tf,NFO,79510,,,,,53.85,-59.95,,1745209622,,,,76.37,15614925,,,53.80,53.85,225,225,2025-04-21 09:57:01.737
tf,NFO,79510,,,,,53.90,-59.91,,1745209623,,,,,,,,,,,,2025-04-21 09:57:02.732
tf,NFO,79510,,,,,53.95,-59.87,,1745209623,,,,76.35,15629625,,,,53.95,2025,450,2025-04-21 09:57:03.514
tf,NFO,79510,,,,,54.00,-59.84,,1745209624,,,,,,,,,,,,2025-04-21 09:57:03.737
tf,NFO,79510,,,,,54.25,-59.65,,1745209625,,,,76.32,15652050,,,54.15,54.30,975,1950,2025-04-21 09:57:05.117
tf,NFO,79510,,,,,,,,1745209627,,,,76.31,15654375,,,54.10,54.25,1500,1200,2025-04-21 09:57:06.751
tf,NFO,79510,,,,,54.15,-59.72,,1745209628,,,,,,,,,,,,2025-04-21 09:57:07.738
tf,NFO,79510,,,,,,,,1745209628,,,,76.30,15665100,,,54.20,54.35,375,1125,2025-04-21 09:57:08.529
tf,NFO,79510,,,,,53.95,-59.87,,1745209630,,,,,,,,,,,,2025-04-21 09:57:09.742
tf,NFO,79510,,,,,53.85,-59.95,,1745209630,,,,76.29,15672075,,,53.85,54.00,750,825,2025-04-21 09:57:10.176
tf,NFO,79510,,,,,53.90,-59.91,,1745209631,,,,,,,,,,,,2025-04-21 09:57:10.741
tf,NFO,79510,,,,,53.55,-60.17,,1745209632,,,,,15674025,,,53.50,53.65,2475,150,2025-04-21 09:57:11.878
tf,NFO,79510,,,,,53.80,-59.99,,1745209633,,,,,,,,,,,,2025-04-21 09:57:12.759
tf,NFO,79510,,,,,53.70,-60.06,,1745209633,,,,76.28,15679050,,,53.70,53.80,750,225,2025-04-21 09:57:13.522
tf,NFO,79510,,,,,53.45,-60.25,,1745209635,,,,,,,,,,,,2025-04-21 09:57:14.741
tf,NFO,79510,,,,,53.20,-60.43,,1745209635,,,,,15680400,,,53.15,53.30,450,1950,2025-04-21 09:57:15.126
tf,NFO,79510,,,,,53.25,-60.39,,1745209636,,,,,,,,,,,,2025-04-21 09:57:15.741
tf,NFO,79510,,,,,54.10,-59.76,,1745209637,,,,76.27,15684750,,,54.00,54.15,375,1650,2025-04-21 09:57:16.755
tf,NFO,79510,,,,,54.20,-59.69,,1745209638,,,,,,,,,,,,2025-04-21 09:57:17.742
tf,NFO,79510,,,,,54.10,-59.76,,1745209638,,,,,15687675,,,53.90,54.05,1650,825,2025-04-21 09:57:18.650
tf,NFO,79510,,,,,53.95,-59.87,,1745209639,,,,,,,,,,,,2025-04-21 09:57:18.854
tf,NFO,79510,,,,,54.00,-59.84,,1745209640,,,,,,,,,,,,2025-04-21 09:57:19.742
tf,NFO,79510,,,,,54.05,-59.80,,1745209640,,,,76.26,15691875,,,,54.10,1950,2025,2025-04-21 09:57:20.159
tf,NFO,79510,,,,,53.70,-60.06,,1745209641,,,,,,,,,,,,2025-04-21 09:57:20.743
tf,NFO,79510,,,,,53.95,-59.87,,1745209642,,,,,15693675,,,53.80,53.90,1200,75,2025-04-21 09:57:21.764
tf,NFO,79510,,,,,53.30,-60.36,,1745209643,,,,,,,,,,,,2025-04-21 09:57:22.751
tf,NFO,79510,,,,,53.55,-60.17,,1745209643,,,,,15695475,,,53.40,53.50,75,1125,2025-04-21 09:57:23.537
tf,NFO,79510,,,,,53.25,-60.39,,1745209645,,,,,,,,,,,,2025-04-21 09:57:24.869
tf,NFO,79510,,,,,53.40,-60.28,,1745209645,,,,76.25,15696225,,,53.45,53.60,825,2550,2025-04-21 09:57:25.189
tf,NFO,79510,,,,,53.90,-59.91,,1745209646,,,,,,,,,,,,2025-04-21 09:57:25.837
tf,NFO,79510,,,,,53.30,-60.36,,1745209647,,,,,15699375,,,53.15,53.25,225,150,2025-04-21 09:57:26.744
tf,NFO,79510,,,,,53.15,-60.47,,1745209648,,,,,,,,,,,,2025-04-21 09:57:27.750
tf,NFO,79510,,,,,53.35,-60.32,,1745209648,,,,,15701175,,,53.50,53.65,2025,525,2025-04-21 09:57:28.546
tf,NFO,79510,,,,,53.55,-60.17,,1745209650,,,,,,,,,,,,2025-04-21 09:57:29.751
tf,NFO,79510,,,,,53.45,-60.25,,1745209650,,,,76.24,15703500,,,53.45,53.60,600,2100,2025-04-21 09:57:30.177
tf,NFO,79510,,,,,53.50,-60.21,,1745209651,,,,,,,,,,,,2025-04-21 09:57:30.753
tf,NFO,79510,,,,,53.60,-60.13,,1745209652,,,,,,,,,,,,2025-04-21 09:57:31.800
tf,NFO,79510,,,,,,,,1745209652,,,,,15706950,,,53.30,53.40,75,2850,2025-04-21 09:57:31.802
tf,NFO,79510,,,,,53.50,-60.21,,1745209653,,,,,,,,,,,,2025-04-21 09:57:32.821
tf,NFO,79510,,,,,53.45,-60.25,,1745209653,,,,,15708675,,,53.45,53.60,450,2925,2025-04-21 09:57:33.353
tf,NFO,79510,,,,,53.60,-60.13,,1745209654,,,,,,,,,,,,2025-04-21 09:57:33.753
tf,NFO,79510,,,,,53.50,-60.21,,1745209655,,,,,,,,,,,,2025-04-21 09:57:34.759
tf,NFO,79510,,,,,,,,1745209655,,,,76.23,15710250,,,53.40,53.55,1050,1125,2025-04-21 09:57:35.156
tf,NFO,79510,,,,,53.25,-60.39,,1745209657,,,,,,,,,,,,2025-04-21 09:57:36.758
tf,NFO,79510,,,,,,,,1745209657,,,,,15711900,,,53.20,53.35,525,1575,2025-04-21 09:57:36.761
tf,NFO,79510,,,,,53.10,-60.51,,1745209658,,,,,,,,,,,,2025-04-21 09:57:37.755
tf,NFO,79510,,,,,53.25,-60.39,,1745209658,,,,76.21,15727500,,,53.10,53.25,1725,525,2025-04-21 09:57:38.360
tf,NFO,79510,,,,,53.15,-60.47,,1745209659,,,,,,,,,,,,2025-04-21 09:57:38.961
tf,NFO,79510,,,,,53.20,-60.43,,1745209660,,,,76.18,15744375,,,53.20,53.40,2475,2625,2025-04-21 09:57:40.161
tf,NFO,79510,,,,,53.30,-60.36,,1745209661,,,,,,3271950,,,,,,2025-04-21 09:57:40.783
tf,NFO,79510,,,,,,,,1745209662,,,,,15746700,,,,53.35,1800,150,2025-04-21 09:57:41.793
tf,NFO,79510,,,,,53.15,-60.47,,1745209663,,,,,15749925,,,53.00,53.15,1725,600,2025-04-21 09:57:43.384
tf,NFO,79510,,,,,53.00,-60.58,,1745209664,,,,,,,,,,,,2025-04-21 09:57:43.764
tf,NFO,79510,,,,,53.10,-60.51,,1745209665,,,,,,,,,,,,2025-04-21 09:57:44.781
tf,NFO,79510,,,,,53.05,-60.54,,1745209665,,,,76.17,15752025,,,53.05,,300,1200,2025-04-21 09:57:45.166
tf,NFO,79510,,,,,53.15,-60.47,,1745209666,,,,,,,,,,,,2025-04-21 09:57:45.761
tf,NFO,79510,,,,,52.85,-60.69,,1745209667,,,,,,,,,,,,2025-04-21 09:57:46.762
tf,NFO,79510,,,,,,,,1745209667,,,,76.15,15765825,,,52.70,52.85,825,1650,2025-04-21 09:57:46.792
tf,NFO,79510,,,,,53.00,-60.58,,1745209668,,,,,,,,,,,,2025-04-21 09:57:47.762
tf,NFO,79510,,,,,53.50,-60.21,,1745209668,,,,76.14,15777525,,,53.50,53.65,1425,975,2025-04-21 09:57:48.373
tf,NFO,79510,,,,,53.75,-60.02,,1745209669,,,,,,,,,,,,2025-04-21 09:57:48.962
tf,NFO,79510,,,,,54.15,-59.72,,1745209670,,,,,,,,,,,,2025-04-21 09:57:49.764
tf,NFO,79510,,,,,54.00,-59.84,,1745209670,,,,76.13,15781950,,,54.05,54.15,300,150,2025-04-21 09:57:50.176
tf,NFO,79510,,,,,54.05,-59.80,,1745209671,,,,,,,,,,,,2025-04-21 09:57:50.763
tf,NFO,79510,,,,,54.40,-59.54,,1745209672,,,,,,,,,,,,2025-04-21 09:57:51.859
tf,NFO,79510,,,,,,,,1745209672,,,,76.12,15786900,,,54.45,54.60,750,2625,2025-04-21 09:57:51.867
tf,NFO,79510,,,,,54.30,-59.61,,1745209673,,,,,,,,,,,,2025-04-21 09:57:52.879
tf,NFO,79510,,,,,55.10,-59.02,,1745209673,,,,76.11,15793950,,,54.95,55.10,975,2325,2025-04-21 09:57:53.496
tf,NFO,79510,,,,,55.00,-59.09,,1745209674,,,,,,,,,,,,2025-04-21 09:57:53.908
tf,NFO,79510,,,,,54.90,-59.17,,1745209675,,,,,,,,,,,,2025-04-21 09:57:54.822
tf,NFO,79510,,,,,,,,1745209675,,,,76.10,15803175,,,54.75,54.90,1200,,2025-04-21 09:57:55.181
tf,NFO,79510,,,,,54.75,-59.28,,1745209676,,,,,,,,,,,,2025-04-21 09:57:55.766
tf,NFO,79510,,,,,,,,1745209677,,,,,15804675,,,54.60,54.75,2850,525,2025-04-21 09:57:56.796
tf,NFO,79510,,,,,55.05,-59.06,,1745209678,,,,,,,,,,,,2025-04-21 09:57:57.819
tf,NFO,79510,,,,,55.00,-59.09,,1745209678,,,,76.09,15809025,,,55.00,55.15,1500,,2025-04-21 09:57:58.405
tf,NFO,79510,,,,,54.20,-59.69,,1745209680,,,,,,,,,,,,2025-04-21 09:57:59.768
tf,NFO,79510,,,,,54.35,-59.58,,1745209680,,,,,15812550,,,54.30,54.45,2025,375,2025-04-21 09:58:00.189
tf,NFO,79510,,,,,54.40,-59.54,,1745209681,,,,,,,,,,,,2025-04-21 09:58:00.772
tf,NFO,79510,,,,,54.55,-59.43,,1745209682,,,,,,,,,,,,2025-04-21 09:58:01.776
tf,NFO,79510,,,,,,,,1745209682,,,,76.08,15815025,,,54.35,54.50,525,3225,2025-04-21 09:58:01.805
tf,NFO,79510,,,,,54.35,-59.58,,1745209683,,,,,,,,,,,,2025-04-21 09:58:02.773
tf,NFO,79510,,,,,54.20,-59.69,,1745209683,,,,,15819000,,,54.10,54.25,825,1725,2025-04-21 09:58:03.393
tf,NFO,79510,,,,,53.85,-59.95,,1745209684,,,,,,,,,,,,2025-04-21 09:58:03.838
tf,NFO,79510,,,,,,,,1745209685,,,,76.07,15822300,,,53.75,53.90,2325,375,2025-04-21 09:58:05.208
tf,NFO,79510,,,,,53.95,-59.87,,1745209686,,,,,,,,,,,,2025-04-21 09:58:06.000
tf,NFO,79510,,,,,53.80,-59.99,,1745209687,,,,,,,,,,,,2025-04-21 09:58:06.780
tf,NFO,79510,,,,,,,,1745209687,,,,,15824775,,,53.80,53.95,1425,1950,2025-04-21 09:58:06.811
tf,NFO,79510,,,,,53.55,-60.17,,1745209688,,,,,,,,,,,,2025-04-21 09:58:07.776
tf,NFO,79510,,,,,53.50,-60.21,,1745209688,,,,,15827550,,,53.40,53.55,2250,675,2025-04-21 09:58:08.404
tf,NFO,79510,,,,,53.55,-60.17,,1745209689,,,,,,,,,,,,2025-04-21 09:58:08.779
tf,NFO,79510,,,,,53.15,-60.47,,1745209690,,,,,,,,,,,,2025-04-21 09:58:09.779
tf,NFO,79510,,,,,53.10,-60.51,,1745209690,,,,76.06,15830400,,,53.15,53.30,1500,2175,2025-04-21 09:58:10.201
tf,NFO,79510,,,,,53.15,-60.47,,1745209691,,,,,,,,,,,,2025-04-21 09:58:10.778
tf,NFO,79510,,,,,52.95,-60.62,,1745209692,,,,,,,,,,,,2025-04-21 09:58:11.811
tf,NFO,79510,,,,,,,,1745209692,,,,76.05,15836400,,,52.70,52.80,2100,600,2025-04-21 09:58:11.943
tf,NFO,79510,,,,,52.85,-60.69,,1745209693,,,,,,,,,,,,2025-04-21 09:58:12.794
tf,NFO,79510,,,,,53.05,-60.54,,1745209693,,,,,15838725,,,52.85,53.00,825,2250,2025-04-21 09:58:13.416
tf,NFO,79510,,,,,52.75,-60.77,,1745209694,,,,,,,,,,,,2025-04-21 09:58:13.781
tf,NFO,79510,,,,,52.85,-60.69,,1745209695,,,,,,,,,,,,2025-04-21 09:58:14.782
tf,NFO,79510,,,,,52.70,-60.80,,1745209695,,,,,15840825,,,52.55,52.70,525,1575,2025-04-21 09:58:15.218
tf,NFO,79510,,,,,52.60,-60.88,,1745209696,,,,,,,,,,,,2025-04-21 09:58:15.780
tf,NFO,79510,,,,,52.55,-60.91,,1745209697,,,,,,,,,,,,2025-04-21 09:58:16.781
tf,NFO,79510,,,,,,,,1745209697,,,,76.04,15848700,,,52.50,52.60,,750,2025-04-21 09:58:16.816
tf,NFO,79510,,,,,52.45,-60.99,,1745209698,,,,,,,,,,,,2025-04-21 09:58:18.345
tf,NFO,79510,,,,,52.60,-60.88,,1745209698,,,,76.03,15852075,,,,52.65,2175,675,2025-04-21 09:58:18.415
tf,NFO,79510,,,,,52.35,-61.06,,1745209699,,,,,,,,,,,,2025-04-21 09:58:18.866
tf,NFO,79510,,,,,52.65,-60.84,,1745209700,,,,,,,,,,,,2025-04-21 09:58:19.791
tf,NFO,79510,,,,,52.70,-60.80,,1745209700,,,,,15855075,,,52.55,52.70,825,1425,2025-04-21 09:58:20.217
tf,NFO,79510,,,,,52.80,-60.73,,1745209701,,,,,,,,,,,,2025-04-21 09:58:20.785
tf,NFO,79510,,,,,52.75,-60.77,,1745209702,,,,,,,,,,,,2025-04-21 09:58:21.815
tf,NFO,79510,,,,,,,,1745209702,,,,,15855900,,,,52.60,75,150,2025-04-21 09:58:21.823
tf,NFO,79510,,,,,52.65,-60.84,,1745209703,,,,,,,,,,,,2025-04-21 09:58:22.785
tf,NFO,79510,,,,,53.00,-60.58,,1745209703,,,,76.02,15859725,,,52.70,52.85,825,600,2025-04-21 09:58:23.422
tf,NFO,79510,,,,,52.65,-60.84,,1745209704,,,,,,,,,,,,2025-04-21 09:58:23.795
