t,e,tk,ts,pp,ls,ti,lp,pc,c,ft,o,h,l,ap,v,oi,poi,bp1,sp1,bq1,sq1,received_timestamp
tk,NFO,79516,NIFTY24APR25P23850,2,75,0.05,100.15,-48.01,192.65,1745209404,193.35,193.40,92.20,124.30,11187000,1718025,905175,99.45,99.65,150,600,2025-04-21 09:53:24.020
tf,NFO,79516,,,,,100.35,-47.91,,1745209405,,,,,11188875,,,100.20,100.45,1275,450,2025-04-21 09:53:24.635
tf,NFO,79516,,,,,100.50,-47.83,,1745209405,,,,,,,,,,,,2025-04-21 09:53:24.923
tf,NFO,79516,,,,,101.15,-47.50,,1745209406,,,,,,,,,,,,2025-04-21 09:53:26.043
tf,NFO,79516,,,,,,,,1745209406,,,,,11190075,,,101.00,101.25,1125,750,2025-04-21 09:53:26.234
tf,NFO,79516,,,,,100.75,-47.70,,1745209407,,,,,,,,,,,,2025-04-21 09:53:27.018
tf,NFO,79516,,,,,101.75,-47.18,,1745209408,,,,,,,,,,,,2025-04-21 09:53:28.037
tf,NFO,79516,,,,,101.50,-47.31,,1745209408,,,,124.29,11193600,,,101.55,101.75,375,150,2025-04-21 09:53:28.065
tf,NFO,79516,,,,,101.85,-47.13,,1745209409,,,,,,,,,,,,2025-04-21 09:53:28.922
tf,NFO,79516,,,,,,,,1745209410,,,,124.28,11197650,,,101.75,101.95,,525,2025-04-21 09:53:29.641
tf,NFO,79516,,,,,101.95,-47.08,,1745209410,,,,,,,,,,,,2025-04-21 09:53:29.927
tf,NFO,79516,,,,,101.15,-47.50,,1745209411,,,,,,,,,,,,2025-04-21 09:53:30.925
tf,NFO,79516,,,,,101.55,-47.29,,1745209411,,,,,11199375,,,101.50,101.65,75,675,2025-04-21 09:53:31.242
tf,NFO,79516,,,,,101.20,-47.47,,1745209412,,,,,,,,,,,,2025-04-21 09:53:31.929
tf,NFO,79516,,,,,101.90,-47.11,,1745209413,,,,124.27,11200875,,,102.10,102.30,150,300,2025-04-21 09:53:32.903
tf,NFO,79516,,,,,102.30,-46.90,,1745209413,,,,,,,,,,,,2025-04-21 09:53:32.983
tf,NFO,79516,,,,,102.45,-46.82,,1745209414,,,,,,,,,,,,2025-04-21 09:53:33.972
tf,NFO,79516,,,,,101.75,-47.18,,1745209415,,,,124.26,11205675,,,101.65,101.90,900,450,2025-04-21 09:53:34.645
tf,NFO,79516,,,,,102.25,-46.92,,1745209415,,,,,,,,,,,,2025-04-21 09:53:34.934
tf,NFO,79516,,,,,102.10,-47.00,,1745209416,,,,,,,,,,,,2025-04-21 09:53:35.932
tf,NFO,79516,,,,,101.95,-47.08,,1745209416,,,,,11209350,,,101.75,101.95,300,825,2025-04-21 09:53:36.251
tf,NFO,79516,,,,,101.50,-47.31,,1745209417,,,,,,,,,,,,2025-04-21 09:53:36.931
tf,NFO,79516,,,,,101.75,-47.18,,1745209418,,,,124.25,11211000,,,101.35,101.60,450,525,2025-04-21 09:53:37.851
tf,NFO,79516,,,,,100.80,-47.68,,1745209419,,,,,,,,,,,,2025-04-21 09:53:38.935
tf,NFO,79516,,,,,101.25,-47.44,,1745209420,,,,,11214825,,,100.85,101.05,75,375,2025-04-21 09:53:39.953
tf,NFO,79516,,,,,99.70,-48.25,,1745209421,,,,,,,,,,,,2025-04-21 09:53:40.935
tf,NFO,79516,,,,,99.60,-48.30,,1745209421,,,,124.24,11219025,,,99.40,99.60,,1575,2025-04-21 09:53:41.257
tf,NFO,79516,,,,,100.05,-48.07,,1745209422,,,,,,,,,,,,2025-04-21 09:53:41.935
tf,NFO,79516,,,,,100.15,-48.01,,1745209423,,,,124.23,11221425,,,100.15,100.40,300,1125,2025-04-21 09:53:42.861
tf,NFO,79516,,,,,101.60,-47.26,,1745209424,,,,,,,,,,,,2025-04-21 09:53:43.936
tf,NFO,79516,,,,,100.40,-47.88,,1745209425,,,,,11222100,,,100.35,100.60,750,2175,2025-04-21 09:53:44.668
tf,NFO,79516,,,,,100.35,-47.91,,1745209425,,,,,,,,,,,,2025-04-21 09:53:44.942
tf,NFO,79516,,,,,101.25,-47.44,,1745209426,,,,,,,,,,,,2025-04-21 09:53:46.012
tf,NFO,79516,,,,,101.35,-47.39,,1745209426,,,,124.22,11224725,,,100.95,101.20,,1200,2025-04-21 09:53:46.293
tf,NFO,79516,,,,,101.15,-47.50,,1745209427,,,,,,,,,,,,2025-04-21 09:53:46.940
tf,NFO,79516,,,,,,,,1745209428,,,,,11224950,,,100.75,100.95,225,75,2025-04-21 09:53:47.866
tf,NFO,79516,,,,,101.10,-47.52,,1745209428,,,,,,,,,,,,2025-04-21 09:53:48.143
tf,NFO,79516,,,,,100.75,-47.70,,1745209429,,,,,,,,,,,,2025-04-21 09:53:48.936
tf,NFO,79516,,,,,,,,1745209430,,,,124.21,11229525,,,100.40,100.65,1425,,2025-04-21 09:53:49.665
tf,NFO,79516,,,,,100.65,-47.75,,1745209430,,,,,,,,,,,,2025-04-21 09:53:49.938
tf,NFO,79516,,,,,100.50,-47.83,,1745209431,,,,,11232450,,,100.60,100.80,75,,2025-04-21 09:53:51.272
tf,NFO,79516,,,,,100.40,-47.88,,1745209432,,,,,,,,,,,,2025-04-21 09:53:51.942
tf,NFO,79516,,,,,100.65,-47.75,,1745209433,,,,124.19,11239275,,,100.65,100.90,1275,600,2025-04-21 09:53:52.886
tf,NFO,79516,,,,,100.50,-47.83,,1745209434,,,,,,,,,,,,2025-04-21 09:53:53.967
tf,NFO,79516,,,,,,,,1745209435,,,,,11242725,,,100.40,100.70,1650,1275,2025-04-21 09:53:54.695
tf,NFO,79516,,,,,100.35,-47.91,,1745209435,,,,,,,,,,,,2025-04-21 09:53:55.038
tf,NFO,79516,,,,,100.00,-48.09,,1745209436,,,,,,,,,,,,2025-04-21 09:53:55.941
tf,NFO,79516,,,,,99.85,-48.17,,1745209436,,,,124.18,11245050,,,99.65,99.85,75,75,2025-04-21 09:53:56.280
tf,NFO,79516,,,,,100.15,-48.01,,1745209437,,,,,,,,,,,,2025-04-21 09:53:56.940
tf,NFO,79516,,,,,100.75,-47.70,,1745209438,,,,,11247225,,,100.30,100.55,1125,825,2025-04-21 09:53:57.882
tf,NFO,79516,,,,,99.60,-48.30,,1745209439,,,,,,,,,,,,2025-04-21 09:53:58.977
tf,NFO,79516,,,,,99.05,-48.59,,1745209440,,,,124.17,11248950,,,99.00,99.15,1200,,2025-04-21 09:53:59.782
tf,NFO,79516,,,,,99.00,-48.61,,1745209440,,,,,,,,,,,,2025-04-21 09:53:59.986
tf,NFO,79516,,,,,99.40,-48.40,,1745209441,,,,,,,,,,,,2025-04-21 09:54:01.026
tf,NFO,79516,,,,,99.75,-48.22,,1745209441,,,,,11252100,,,99.90,100.15,600,1500,2025-04-21 09:54:01.293
tf,NFO,79516,,,,,99.85,-48.17,,1745209442,,,,,,,,,,,,2025-04-21 09:54:02.028
tf,NFO,79516,,,,,99.10,-48.56,,1745209443,,,,124.16,11255850,,,99.00,99.25,2025,150,2025-04-21 09:54:02.890
tf,NFO,79516,,,,,99.90,-48.14,,1745209444,,,,,,,,,,,,2025-04-21 09:54:03.963
tf,NFO,79516,,,,,99.55,-48.33,,1745209445,,,,124.15,11258475,,,99.70,99.90,1275,750,2025-04-21 09:54:04.691
tf,NFO,79516,,,,,100.00,-48.09,,1745209445,,,,,,,,,,,,2025-04-21 09:54:04.953
tf,NFO,79516,,,,,100.70,-47.73,,1745209446,,,,,,,,,,,,2025-04-21 09:54:05.955
tf,NFO,79516,,,,,,,,1745209446,,,,,11260650,,,100.70,100.95,1500,525,2025-04-21 09:54:06.347
tf,NFO,79516,,,,,100.65,-47.75,,1745209447,,,,,,,,,,,,2025-04-21 09:54:06.950
tf,NFO,79516,,,,,99.45,-48.38,,1745209448,,,,124.14,11263725,,,99.25,99.50,525,1050,2025-04-21 09:54:07.895
tf,NFO,79516,,,,,99.95,-48.12,,1745209449,,,,,,,,,,,,2025-04-21 09:54:08.950
tf,NFO,79516,,,,,99.65,-48.27,,1745209450,,,,,11265900,,,99.75,99.95,150,450,2025-04-21 09:54:09.702
tf,NFO,79516,,,,,100.20,-47.99,,1745209450,,,,,,,,,,,,2025-04-21 09:54:09.952
tf,NFO,79516,,,,,100.70,-47.73,,1745209451,,,,,,,,,,,,2025-04-21 09:54:10.953
tf,NFO,79516,,,,,100.25,-47.96,,1745209451,,,,,11266575,,,100.15,100.40,675,1125,2025-04-21 09:54:11.301
tf,NFO,79516,,,,,100.15,-48.01,,1745209452,,,,,,,,,,,,2025-04-21 09:54:11.952
tf,NFO,79516,,,,,100.65,-47.75,,1745209453,,,,124.13,11269500,,,100.75,100.80,75,75,2025-04-21 09:54:12.929
tf,NFO,79516,,,,,100.45,-47.86,,1745209454,,,,,,,,,,,,2025-04-21 09:54:13.982
tf,NFO,79516,,,,,100.35,-47.91,,1745209455,,,,124.12,11273400,,,99.95,100.15,675,225,2025-04-21 09:54:14.714
tf,NFO,79516,,,,,100.15,-48.01,,1745209455,,,,,,,,,,,,2025-04-21 09:54:15.057
tf,NFO,79516,,,,,99.75,-48.22,,1745209456,,,,,,,,,,,,2025-04-21 09:54:15.957
tf,NFO,79516,,,,,98.95,-48.64,,1745209456,,,,124.11,11277900,,,99.00,99.15,1125,600,2025-04-21 09:54:16.336
tf,NFO,79516,,,,,98.45,-48.90,,1745209457,,,,,,,,,,,,2025-04-21 09:54:17.042
tf,NFO,79516,,,,,99.60,-48.30,,1745209458,,,,124.10,11280825,,,99.25,99.45,300,1125,2025-04-21 09:54:17.912
tf,NFO,79516,,,,,98.95,-48.64,,1745209459,,,,,,,,,,,,2025-04-21 09:54:19.116
tf,NFO,79516,,,,,97.55,-49.36,,1745209460,,,,124.08,11292675,,,97.50,97.75,900,900,2025-04-21 09:54:20.117
tf,NFO,79516,,,,,97.40,-49.44,,1745209460,,,,,,,,,,,,2025-04-21 09:54:20.132
tf,NFO,79516,,,,,97.65,-49.31,,1745209461,,,,,,,,,,,,2025-04-21 09:54:21.036
tf,NFO,79516,,,,,97.30,-49.49,,1745209461,,,,124.07,11296200,,,97.30,97.55,1500,225,2025-04-21 09:54:21.409
tf,NFO,79516,,,,,97.05,-49.62,,1745209462,,,,,,,,,,,,2025-04-21 09:54:21.957
tf,NFO,79516,,,,,97.30,-49.49,,1745209463,,,,124.05,11303100,,,97.20,97.45,,825,2025-04-21 09:54:22.920
tf,NFO,79516,,,,,96.75,-49.78,,1745209464,,,,,,,,,,,,2025-04-21 09:54:24.032
tf,NFO,79516,,,,,97.05,-49.62,,1745209465,,,,124.03,11310975,,,96.95,97.05,600,75,2025-04-21 09:54:24.758
tf,NFO,79516,,,,,97.20,-49.55,,1745209465,,,,,,,,,,,,2025-04-21 09:54:24.960
tf,NFO,79516,,,,,97.15,-49.57,,1745209466,,,,,,,,,,,,2025-04-21 09:54:26.034
tf,NFO,79516,,,,,97.25,-49.52,,1745209466,,,,,11313900,,,97.25,97.45,150,900,2025-04-21 09:54:26.409
tf,NFO,79516,,,,,96.95,-49.68,,1745209467,,,,,,,,,,,,2025-04-21 09:54:26.961
tf,NFO,79516,,,,,97.55,-49.36,,1745209468,,,,124.02,11316300,,,97.55,97.80,225,1800,2025-04-21 09:54:27.928
tf,NFO,79516,,,,,96.85,-49.73,,1745209469,,,,,,,,,,,,2025-04-21 09:54:28.963
tf,NFO,79516,,,,,96.70,-49.81,,1745209470,,,,124.01,11319450,,,96.70,96.90,,1275,2025-04-21 09:54:29.729
tf,NFO,79516,,,,,97.60,-49.34,,1745209470,,,,,,,,,,,,2025-04-21 09:54:30.028
tf,NFO,79516,,,,,96.75,-49.78,,1745209471,,,,,,,,,,,,2025-04-21 09:54:30.962
tf,NFO,79516,,,,,97.00,-49.65,,1745209471,,,,124.00,11325300,,,96.80,96.95,75,150,2025-04-21 09:54:31.341
tf,NFO,79516,,,,,96.90,-49.70,,1745209472,,,,,,,,,,,,2025-04-21 09:54:32.026
tf,NFO,79516,,,,,98.10,-49.08,,1745209473,,,,123.99,11329425,,,98.10,98.30,900,,2025-04-21 09:54:32.959
tf,NFO,79516,,,,,96.90,-49.70,,1745209474,,,,,,,,,,,,2025-04-21 09:54:34.050
tf,NFO,79516,,,,,97.35,-49.47,,1745209475,,,,123.98,11335650,,,97.10,97.30,525,450,2025-04-21 09:54:34.813
tf,NFO,79516,,,,,97.45,-49.42,,1745209475,,,,,,,,,,,,2025-04-21 09:54:35.012
tf,NFO,79516,,,,,97.30,-49.49,,1745209476,,,,123.97,11339550,,,97.05,97.20,225,75,2025-04-21 09:54:36.338
tf,NFO,79516,,,,,96.95,-49.68,,1745209477,,,,,,,,,,,,2025-04-21 09:54:36.976
tf,NFO,79516,,,,,97.25,-49.52,,1745209478,,,,123.96,11341875,,,97.25,97.45,900,,2025-04-21 09:54:37.951
tf,NFO,79516,,,,,,,,1745209478,,,,,,1748475,,,,,,2025-04-21 09:54:37.976
tf,NFO,79516,,,,,96.00,-50.17,,1745209480,,,,123.94,11349075,,,96.35,96.55,450,300,2025-04-21 09:54:39.746
tf,NFO,79516,,,,,96.55,-49.88,,1745209480,,,,,,,,,,,,2025-04-21 09:54:39.971
tf,NFO,79516,,,,,95.95,-50.19,,1745209481,,,,,,,,,,,,2025-04-21 09:54:40.972
tf,NFO,79516,,,,,95.80,-50.27,,1745209481,,,,123.93,11352600,,,95.65,95.85,525,,2025-04-21 09:54:41.342
tf,NFO,79516,,,,,95.75,-50.30,,1745209482,,,,,,,,,,,,2025-04-21 09:54:41.973
tf,NFO,79516,,,,,95.60,-50.38,,1745209483,,,,123.92,11356800,,,95.50,95.75,975,750,2025-04-21 09:54:42.951
tf,NFO,79516,,,,,96.30,-50.01,,1745209484,,,,,,,,,,,,2025-04-21 09:54:43.977
tf,NFO,79516,,,,,95.55,-50.40,,1745209485,,,,123.91,11361300,,,95.55,95.80,900,600,2025-04-21 09:54:44.745
tf,NFO,79516,,,,,95.60,-50.38,,1745209486,,,,,,,,,,,,2025-04-21 09:54:46.062
tf,NFO,79516,,,,,95.70,-50.32,,1745209486,,,,123.90,11365425,,,95.80,96.00,225,900,2025-04-21 09:54:46.487
tf,NFO,79516,,,,,96.30,-50.01,,1745209487,,,,,,,,,,,,2025-04-21 09:54:47.004
tf,NFO,79516,,,,,95.50,-50.43,,1745209488,,,,123.89,11369700,,,95.45,95.65,600,600,2025-04-21 09:54:47.965
tf,NFO,79516,,,,,95.10,-50.64,,1745209489,,,,,,,,,,,,2025-04-21 09:54:48.977
tf,NFO,79516,,,,,95.30,-50.53,,1745209490,,,,123.86,11383275,,,95.35,95.60,375,1050,2025-04-21 09:54:49.758
tf,NFO,79516,,,,,95.75,-50.30,,1745209491,,,,,,,,,,,,2025-04-21 09:54:50.982
tf,NFO,79516,,,,,95.85,-50.25,,1745209491,,,,123.85,11385150,,,96.15,96.25,525,150,2025-04-21 09:54:51.361
tf,NFO,79516,,,,,96.40,-49.96,,1745209492,,,,,,,,,,,,2025-04-21 09:54:52.012
tf,NFO,79516,,,,,95.50,-50.43,,1745209493,,,,,11386575,,,95.25,95.50,1125,1275,2025-04-21 09:54:53.031
tf,NFO,79516,,,,,95.05,-50.66,,1745209494,,,,,,,,,,,,2025-04-21 09:54:53.999
tf,NFO,79516,,,,,94.65,-50.87,,1745209495,,,,123.83,11392800,,,94.40,94.65,750,2100,2025-04-21 09:54:54.762
tf,NFO,79516,,,,,94.40,-51.00,,1745209495,,,,,,,,,,,,2025-04-21 09:54:54.987
tf,NFO,79516,,,,,95.25,-50.56,,1745209496,,,,,,,,,,,,2025-04-21 09:54:55.984
tf,NFO,79516,,,,,94.90,-50.74,,1745209496,,,,123.81,11401425,,,94.65,94.85,150,450,2025-04-21 09:54:56.366
tf,NFO,79516,,,,,95.55,-50.40,,1745209498,,,,,11404050,,,95.60,95.80,975,225,2025-04-21 09:54:57.995
tf,NFO,79516,,,,,95.30,-50.53,,1745209499,,,,,,,,,,,,2025-04-21 09:54:59.109
tf,NFO,79516,,,,,94.35,-51.03,,1745209500,,,,123.79,11411925,,,94.10,94.30,75,1425,2025-04-21 09:55:00.014
tf,NFO,79516,,,,,94.30,-51.05,,1745209500,,,,,,,,,,,,2025-04-21 09:55:00.031
tf,NFO,79516,,,,,94.80,-50.79,,1745209501,,,,,,,,,,,,2025-04-21 09:55:00.992
tf,NFO,79516,,,,,95.15,-50.61,,1745209501,,,,123.76,11422275,,,94.95,95.20,,2250,2025-04-21 09:55:01.371
tf,NFO,79516,,,,,95.20,-50.58,,1745209502,,,,,,,,,,,,2025-04-21 09:55:01.982
tf,NFO,79516,,,,,95.80,-50.27,,1745209503,,,,123.75,11427225,,,95.60,95.80,,900,2025-04-21 09:55:02.977
tf,NFO,79516,,,,,95.50,-50.43,,1745209504,,,,,,,,,,,,2025-04-21 09:55:04.004
tf,NFO,79516,,,,,94.60,-50.90,,1745209505,,,,123.73,11434200,,,94.45,94.60,,1725,2025-04-21 09:55:04.788
tf,NFO,79516,,,,,94.50,-50.95,,1745209505,,,,,,,,,,,,2025-04-21 09:55:04.989
tf,NFO,79516,,,,,94.65,-50.87,,1745209506,,,,,,,,,,,,2025-04-21 09:55:06.136
tf,NFO,79516,,,,,94.60,-50.90,,1745209506,,,,123.72,11436525,,,94.60,94.80,750,450,2025-04-21 09:55:06.381
tf,NFO,79516,,,,,93.95,-51.23,,1745209507,,,,,,,,,,,,2025-04-21 09:55:06.991
tf,NFO,79516,,,,,93.65,-51.39,,1745209508,,,,123.68,11453475,,,93.55,93.80,300,2175,2025-04-21 09:55:08.066
tf,NFO,79516,,,,,93.20,-51.62,,1745209509,,,,,,,,,,,,2025-04-21 09:55:08.995
tf,NFO,79516,,,,,93.30,-51.57,,1745209510,,,,123.64,11468025,,,93.10,93.25,225,75,2025-04-21 09:55:09.790
tf,NFO,79516,,,,,93.25,-51.60,,1745209510,,,,,,,,,,,,2025-04-21 09:55:09.993
tf,NFO,79516,,,,,93.00,-51.73,,1745209511,,,,,,,,,,,,2025-04-21 09:55:10.997
tf,NFO,79516,,,,,92.20,-52.14,,1745209511,,,91.60,123.60,11481900,,,92.05,92.20,150,300,2025-04-21 09:55:11.387
tf,NFO,79516,,,,,92.00,-52.25,,1745209512,,,,,,,,,,,,2025-04-21 09:55:12.149
tf,NFO,79516,,,,,91.90,-52.30,,1745209513,,,,,,,,,,,,2025-04-21 09:55:13.108
tf,NFO,79516,,,,,92.00,-52.25,,1745209513,,,,123.57,11495400,,,91.95,92.15,975,225,2025-04-21 09:55:13.144
tf,NFO,79516,,,,,92.10,-52.19,,1745209514,,,,,,,,,,,,2025-04-21 09:55:14.006
tf,NFO,79516,,,,,91.00,-52.76,,1745209515,,,90.30,123.50,11520075,,,90.75,90.95,150,75,2025-04-21 09:55:14.794
tf,NFO,79516,,,,,90.80,-52.87,,1745209515,,,,,,,,,,,,2025-04-21 09:55:15.193
tf,NFO,79516,,,,,90.45,-53.05,,1745209516,,,,,,,,,,,,2025-04-21 09:55:15.994
tf,NFO,79516,,,,,90.65,-52.95,,1745209516,,,90.00,123.43,11544150,,,90.50,90.65,75,825,2025-04-21 09:55:16.399
tf,NFO,79516,,,,,86.00,-55.36,,1745209517,,,,,,,,,,,,2025-04-21 09:55:17.210
tf,NFO,79516,,,,,86.45,-55.13,,1745209518,,,85.85,123.18,11625075,,,86.40,86.60,750,450,2025-04-21 09:55:17.999
tf,NFO,79516,,,,,86.65,-55.02,,1745209518,,,,,,,,,,,,2025-04-21 09:55:18.196
tf,NFO,79516,,,,,85.80,-55.46,,1745209519,,,,,,,,,,,,2025-04-21 09:55:19.038
tf,NFO,79516,,,,,,,,1745209520,,,85.50,123.07,11658900,,,85.85,86.05,75,,2025-04-21 09:55:19.882
tf,NFO,79516,,,,,85.90,-55.41,,1745209520,,,,,,,,,,,,2025-04-21 09:55:20.001
tf,NFO,79516,,,,,85.45,-55.64,,1745209521,,,,,,,,,,,,2025-04-21 09:55:20.999
tf,NFO,79516,,,,,86.00,-55.36,,1745209521,,,85.45,122.98,11688600,,,85.80,86.00,600,750,2025-04-21 09:55:21.408
tf,NFO,79516,,,,,85.65,-55.54,,1745209522,,,,,,,,,,,,2025-04-21 09:55:21.999
tf,NFO,79516,,,,,85.70,-55.52,,1745209523,,,85.25,122.91,11709975,,,85.75,85.95,75,300,2025-04-21 09:55:23.007
tf,NFO,79516,,,,,86.35,-55.18,,1745209523,,,,,,,,,,,,2025-04-21 09:55:23.198
tf,NFO,79516,,,,,87.50,-54.58,,1745209524,,,,,,,,,,,,2025-04-21 09:55:24.037
tf,NFO,79516,,,,,87.35,-54.66,,1745209525,,,,122.83,11736900,,,87.35,87.55,225,,2025-04-21 09:55:24.807
tf,NFO,79516,,,,,87.15,-54.76,,1745209525,,,,,,,,,,,,2025-04-21 09:55:25.030
tf,NFO,79516,,,,,87.90,-54.37,,1745209526,,,,,,,,,,,,2025-04-21 09:55:26.082
tf,NFO,79516,,,,,,,,1745209526,,,,122.81,11744550,,,87.80,87.90,75,75,2025-04-21 09:55:26.458
tf,NFO,79516,,,,,86.75,-54.97,,1745209527,,,,,,,,,,,,2025-04-21 09:55:27.010
tf,NFO,79516,,,,,87.05,-54.81,,1745209528,,,,,,,,,,,,2025-04-21 09:55:28.005
tf,NFO,79516,,,,,,,,1745209528,,,,122.78,11754150,,,86.95,87.15,450,750,2025-04-21 09:55:28.052
tf,NFO,79516,,,,,86.40,-55.15,,1745209529,,,,,,,,,,,,2025-04-21 09:55:29.199
tf,NFO,79516,,,,,86.85,-54.92,,1745209530,,,,122.74,11767575,,,86.80,86.95,1125,150,2025-04-21 09:55:29.827
tf,NFO,79516,,,,,87.45,-54.61,,1745209530,,,,,,,,,,,,2025-04-21 09:55:30.011
tf,NFO,79516,,,,,87.70,-54.48,,1745209531,,,,,,,,,,,,2025-04-21 09:55:31.002
tf,NFO,79516,,,,,87.90,-54.37,,1745209531,,,,122.69,11784000,,,88.05,88.15,75,,2025-04-21 09:55:31.419
tf,NFO,79516,,,,,87.85,-54.40,,1745209532,,,,,,,,,,,,2025-04-21 09:55:32.103
tf,NFO,79516,,,,,87.75,-54.45,,1745209533,,,,,,,,,,,,2025-04-21 09:55:33.060
tf,NFO,79516,,,,,,,,1745209533,,,,122.66,11794800,,,87.55,87.75,675,750,2025-04-21 09:55:33.061
tf,NFO,79516,,,,,87.65,-54.50,,1745209534,,,,,,,,,,,,2025-04-21 09:55:34.004
tf,NFO,79516,,,,,87.70,-54.48,,1745209535,,,,122.64,11801025,,,87.45,87.65,375,225,2025-04-21 09:55:34.832
tf,NFO,79516,,,,,87.85,-54.40,,1745209535,,,,,,,,,,,,2025-04-21 09:55:35.027
tf,NFO,79516,,,,,88.25,-54.19,,1745209536,,,,,,,,,,,,2025-04-21 09:55:36.010
tf,NFO,79516,,,,,88.30,-54.17,,1745209536,,,,122.61,11808825,,,88.05,88.30,675,975,2025-04-21 09:55:36.428
tf,NFO,79516,,,,,87.85,-54.40,,1745209537,,,,,,,,,,,,2025-04-21 09:55:37.036
tf,NFO,79516,,,,,87.25,-54.71,,1745209538,,,,,,,,,,,,2025-04-21 09:55:38.014
tf,NFO,79516,,,,,,,,1745209538,,,,122.59,11816700,,,87.10,87.30,75,1275,2025-04-21 09:55:38.040
tf,NFO,79516,,,,,87.85,-54.40,,1745209539,,,,,,,,,,,,2025-04-21 09:55:39.133
tf,NFO,79516,,,,,87.30,-54.68,,1745209540,,,,122.57,11823300,,,87.15,87.35,525,525,2025-04-21 09:55:39.940
tf,NFO,79516,,,,,87.40,-54.63,,1745209540,,,,,,,,,,,,2025-04-21 09:55:40.138
tf,NFO,79516,,,,,87.20,-54.74,,1745209541,,,,122.56,11826150,,,87.25,87.40,600,75,2025-04-21 09:55:41.570
tf,NFO,79516,,,,,87.55,-54.55,,1745209542,,,,,,,,,,,,2025-04-21 09:55:42.064
tf,NFO,79516,,,,,86.85,-54.92,,1745209543,,,,122.55,11829975,,,86.70,86.95,1800,150,2025-04-21 09:55:43.060
tf,NFO,79516,,,,,87.10,-54.79,,1745209543,,,,,,,,,,,,2025-04-21 09:55:43.211
tf,NFO,79516,,,,,87.45,-54.61,,1745209544,,,,,,,,,,,,2025-04-21 09:55:44.018
tf,NFO,79516,,,,,87.50,-54.58,,1745209545,,,,122.54,11833725,,,87.50,87.75,1200,600,2025-04-21 09:55:44.838
tf,NFO,79516,,,,,87.65,-54.50,,1745209545,,,,,,,,,,,,2025-04-21 09:55:45.075
tf,NFO,79516,,,,,88.25,-54.19,,1745209546,,,,,,,,,,,,2025-04-21 09:55:46.075
tf,NFO,79516,,,,,88.15,-54.24,,1745209546,,,,122.53,11837475,,,88.15,88.40,525,1350,2025-04-21 09:55:46.521
tf,NFO,79516,,,,,88.50,-54.06,,1745209547,,,,,,,,,,,,2025-04-21 09:55:47.019
tf,NFO,79516,,,,,87.90,-54.37,,1745209548,,,,,,,,,,,,2025-04-21 09:55:48.014
tf,NFO,79516,,,,,,,,1745209548,,,,122.51,11842725,,,87.80,88.05,2625,375,2025-04-21 09:55:48.044
tf,NFO,79516,,,,,87.25,-54.71,,1745209549,,,,,,,,,,,,2025-04-21 09:55:49.019
tf,NFO,79516,,,,,87.20,-54.74,,1745209550,,,,122.50,11847525,,,87.20,87.40,300,1350,2025-04-21 09:55:49.848
tf,NFO,79516,,,,,87.30,-54.68,,1745209551,,,,,,,,,,,,2025-04-21 09:55:51.017
tf,NFO,79516,,,,,87.85,-54.40,,1745209551,,,,122.49,11849700,,,87.70,87.90,1050,525,2025-04-21 09:55:51.449
tf,NFO,79516,,,,,87.70,-54.48,,1745209552,,,,,,,,,,,,2025-04-21 09:55:52.053
tf,NFO,79516,,,,,88.45,-54.09,,1745209553,,,,,,,,,,,,2025-04-21 09:55:53.044
tf,NFO,79516,,,,,,,,1745209553,,,,,11851725,,,88.70,88.90,1575,375,2025-04-21 09:55:53.074
tf,NFO,79516,,,,,88.90,-53.85,,1745209554,,,,,,,,,,,,2025-04-21 09:55:54.018
tf,NFO,79516,,,,,88.65,-53.98,,1745209555,,,,122.44,11867400,,,88.60,88.85,1350,675,2025-04-21 09:55:54.858
tf,NFO,79516,,,,,88.90,-53.85,,1745209556,,,,,,,,,,,,2025-04-21 09:55:56.023
tf,NFO,79516,,,,,89.05,-53.78,,1745209556,,,,,11869800,,,88.95,89.10,75,1350,2025-04-21 09:55:56.459
tf,NFO,79516,,,,,88.85,-53.88,,1745209557,,,,,,,,,,,,2025-04-21 09:55:57.021
tf,NFO,79516,,,,,88.90,-53.85,,1745209558,,,,,,,,,,,,2025-04-21 09:55:58.020
tf,NFO,79516,,,,,,,,1745209558,,,,122.42,11875800,,,88.85,89.05,375,150,2025-04-21 09:55:58.075
tf,NFO,79516,,,,,90.45,-53.05,,1745209559,,,,,,,,,,,,2025-04-21 09:55:59.021
tf,NFO,79516,,,,,91.25,-52.63,,1745209560,,,,122.36,11895600,,,91.45,91.65,225,600,2025-04-21 09:55:59.865
tf,NFO,79516,,,,,91.55,-52.48,,1745209560,,,,,,,,,,,,2025-04-21 09:56:00.032
tf,NFO,79516,,,,,90.90,-52.82,,1745209561,,,,,,,,,,,,2025-04-21 09:56:01.069
tf,NFO,79516,,,,,90.40,-53.08,,1745209561,,,,122.34,11903775,,,90.80,91.05,2025,975,2025-04-21 09:56:01.467
tf,NFO,79516,,,,,90.85,-52.84,,1745209562,,,,,,,,,,,,2025-04-21 09:56:02.027
tf,NFO,79516,,,,,91.40,-52.56,,1745209563,,,,,,,,,,,,2025-04-21 09:56:03.026
tf,NFO,79516,,,,,,,,1745209563,,,,122.32,11911350,,,91.10,91.35,1650,675,2025-04-21 09:56:03.069
tf,NFO,79516,,,,,91.55,-52.48,,1745209564,,,,,,,,,,,,2025-04-21 09:56:04.225
tf,NFO,79516,,,,,91.15,-52.69,,1745209565,,,,122.31,11917050,,,91.05,91.30,450,1800,2025-04-21 09:56:04.915
tf,NFO,79516,,,,,91.05,-52.74,,1745209565,,,,,,,,,,,,2025-04-21 09:56:05.137
tf,NFO,79516,,,,,91.50,-52.50,,1745209566,,,,,,,,,,,,2025-04-21 09:56:06.146
tf,NFO,79516,,,,,91.40,-52.56,,1745209566,,,,122.29,11923350,,,91.25,91.50,825,1950,2025-04-21 09:56:06.476
tf,NFO,79516,,,,,90.85,-52.84,,1745209567,,,,,,,,,,,,2025-04-21 09:56:07.026
tf,NFO,79516,,,,,90.30,-53.13,,1745209568,,,,,,,,,,,,2025-04-21 09:56:08.029
tf,NFO,79516,,,,,90.25,-53.15,,1745209568,,,,,11925750,,,90.25,90.40,150,75,2025-04-21 09:56:08.081
tf,NFO,79516,,,,,91.45,-52.53,,1745209569,,,,,,,,,,,,2025-04-21 09:56:09.027
tf,NFO,79516,,,,,91.80,-52.35,,1745209570,,,,122.23,11945175,,,91.80,91.95,1125,150,2025-04-21 09:56:09.876
tf,NFO,79516,,,,,91.85,-52.32,,1745209570,,,,,,,,,,,,2025-04-21 09:56:10.053
tf,NFO,79516,,,,,91.65,-52.43,,1745209571,,,,,11948325,,,91.60,91.80,750,825,2025-04-21 09:56:11.523
tf,NFO,79516,,,,,91.45,-52.53,,1745209572,,,,,,,,,,,,2025-04-21 09:56:12.098
tf,NFO,79516,,,,,91.40,-52.56,,1745209573,,,,,,,,,,,,2025-04-21 09:56:13.111
tf,NFO,79516,,,,,91.30,-52.61,,1745209573,,,,122.18,11967300,,,91.40,91.60,1350,900,2025-04-21 09:56:13.141
tf,NFO,79516,,,,,91.45,-52.53,,1745209574,,,,,,,,,,,,2025-04-21 09:56:14.138
tf,NFO,79516,,,,,91.10,-52.71,,1745209575,,,,122.17,11970600,,,90.85,91.05,675,525,2025-04-21 09:56:14.950
tf,NFO,79516,,,,,90.95,-52.79,,1745209576,,,,,,,,,,,,2025-04-21 09:56:16.034
tf,NFO,79516,,,,,91.45,-52.53,,1745209576,,,,122.16,11973450,,,91.25,91.45,300,675,2025-04-21 09:56:16.537
tf,NFO,79516,,,,,91.50,-52.50,,1745209577,,,,,,,,,,,,2025-04-21 09:56:17.034
tf,NFO,79516,,,,,90.85,-52.84,,1745209578,,,,,,,,,,,,2025-04-21 09:56:18.079
tf,NFO,79516,,,,,90.95,-52.79,,1745209578,,,,122.15,11976675,,,90.80,91.05,1875,900,2025-04-21 09:56:18.096
tf,NFO,79516,,,,,91.15,-52.69,,1745209579,,,,,,,,,,,,2025-04-21 09:56:19.067
tf,NFO,79516,,,,,91.50,-52.50,,1745209580,,,,122.14,11980275,,,91.25,91.35,75,225,2025-04-21 09:56:19.893
tf,NFO,79516,,,,,91.15,-52.69,,1745209580,,,,,,,,,,,,2025-04-21 09:56:20.040
tf,NFO,79516,,,,,91.60,-52.45,,1745209581,,,,,,,,,,,,2025-04-21 09:56:21.038
tf,NFO,79516,,,,,91.90,-52.30,,1745209581,,,,122.13,11984100,,,91.90,92.15,1350,1275,2025-04-21 09:56:21.495
tf,NFO,79516,,,,,92.25,-52.12,,1745209582,,,,,,,,,,,,2025-04-21 09:56:22.036
tf,NFO,79516,,,,,92.70,-51.88,,1745209583,,,,,,,,,,,,2025-04-21 09:56:23.048
tf,NFO,79516,,,,,,,,1745209583,,,,,11987100,,,92.50,92.70,900,450,2025-04-21 09:56:23.098
tf,NFO,79516,,,,,93.25,-51.60,,1745209584,,,,,,,,,,,,2025-04-21 09:56:24.039
tf,NFO,79516,,,,,92.65,-51.91,,1745209585,,,,122.11,11994675,,,92.45,92.65,300,150,2025-04-21 09:56:24.983
tf,NFO,79516,,,,,92.70,-51.88,,1745209586,,,,,,,,,,,,2025-04-21 09:56:26.054
tf,NFO,79516,,,,,93.10,-51.67,,1745209586,,,,122.10,11998200,,,92.80,93.05,1725,525,2025-04-21 09:56:26.505
tf,NFO,79516,,,,,93.45,-51.49,,1745209587,,,,,,,,,,,,2025-04-21 09:56:27.248
tf,NFO,79516,,,,,94.10,-51.15,,1745209588,,,,,,,,,,,,2025-04-21 09:56:28.041
tf,NFO,79516,,,,,93.80,-51.31,,1745209588,,,,122.09,12003375,,,93.85,94.10,825,825,2025-04-21 09:56:28.107
tf,NFO,79516,,,,,93.20,-51.62,,1745209589,,,,,,,,,,,,2025-04-21 09:56:29.041
tf,NFO,79516,,,,,92.35,-52.06,,1745209590,,,,122.07,12009900,,,92.40,92.65,2100,1125,2025-04-21 09:56:30.017
tf,NFO,79516,,,,,92.70,-51.88,,1745209590,,,,,,,,,,,,2025-04-21 09:56:30.054
tf,NFO,79516,,,,,92.30,-52.09,,1745209591,,,,,,,,,,,,2025-04-21 09:56:31.044
tf,NFO,79516,,,,,91.90,-52.30,,1745209591,,,,122.06,12015825,,,91.90,92.00,225,75,2025-04-21 09:56:31.617
tf,NFO,79516,,,,,91.50,-52.50,,1745209592,,,,,,,,,,,,2025-04-21 09:56:32.050
tf,NFO,79516,,,,,91.70,-52.40,,1745209593,,,,,,,,,,,,2025-04-21 09:56:33.044
tf,NFO,79516,,,,,,,,1745209593,,,,122.05,12019200,,,91.65,91.85,75,150,2025-04-21 09:56:33.118
tf,NFO,79516,,,,,91.65,-52.43,,1745209594,,,,,,,,,,,,2025-04-21 09:56:34.085
tf,NFO,79516,,,,,91.35,-52.58,,1745209595,,,,122.04,12024225,,,91.35,91.55,225,600,2025-04-21 09:56:34.915
tf,NFO,79516,,,,,91.30,-52.61,,1745209596,,,,,,,,,,,,2025-04-21 09:56:36.052
tf,NFO,79516,,,,,90.95,-52.79,,1745209596,,,,122.03,12027375,,,91.00,91.20,525,150,2025-04-21 09:56:36.518
tf,NFO,79516,,,,,90.70,-52.92,,1745209598,,,,,,,,,,,,2025-04-21 09:56:38.104
tf,NFO,79516,,,,,90.80,-52.87,,1745209598,,,,122.01,12032550,,,90.60,90.80,75,975,2025-04-21 09:56:38.182
tf,NFO,79516,,,,,91.00,-52.76,,1745209599,,,,,,,,,,,,2025-04-21 09:56:39.139
tf,NFO,79516,,,,,90.75,-52.89,,1745209600,,,,122.00,12039000,,,90.55,90.75,750,300,2025-04-21 09:56:39.923
tf,NFO,79516,,,,,90.60,-52.97,,1745209600,,,,,,,,,,,,2025-04-21 09:56:40.048
tf,NFO,79516,,,,,90.35,-53.10,,1745209601,,,,,,,,,,,,2025-04-21 09:56:41.053
tf,NFO,79516,,,,,,,,1745209601,,,,121.99,12042525,,,90.20,90.35,300,1725,2025-04-21 09:56:41.525
tf,NFO,79516,,,,,90.10,-53.23,,1745209602,,,,,,,,,,,,2025-04-21 09:56:42.049
tf,NFO,79516,,,,,90.00,-53.28,,1745209603,,,,,,,,,,,,2025-04-21 09:56:43.086
tf,NFO,79516,,,,,90.15,-53.21,,1745209603,,,,121.97,12050025,,,90.25,90.45,825,75,2025-04-21 09:56:43.129
tf,NFO,79516,,,,,89.90,-53.34,,1745209604,,,,,,,,,,,,2025-04-21 09:56:44.055
tf,NFO,79516,,,,,89.85,-53.36,,1745209605,,,,121.94,12059250,,,89.50,89.70,750,,2025-04-21 09:56:44.953
tf,NFO,79516,,,,,89.50,-53.54,,1745209605,,,,,,,,,,,,2025-04-21 09:56:45.051
tf,NFO,79516,,,,,89.95,-53.31,,1745209606,,,,,,,,,,,,2025-04-21 09:56:46.119
tf,NFO,79516,,,,,90.10,-53.23,,1745209606,,,,121.93,12066375,,,89.90,90.10,375,,2025-04-21 09:56:46.534
tf,NFO,79516,,,,,89.80,-53.39,,1745209607,,,,,,,,,,,,2025-04-21 09:56:47.143
tf,NFO,79516,,,,,89.85,-53.36,,1745209608,,,,,,,,,,,,2025-04-21 09:56:48.140
tf,NFO,79516,,,,,,,,1745209608,,,,121.91,12070350,,,89.75,89.90,75,975,2025-04-21 09:56:48.187
tf,NFO,79516,,,,,90.90,-52.82,,1745209609,,,,,,,,,,,,2025-04-21 09:56:49.254
tf,NFO,79516,,,,,90.80,-52.87,,1745209610,,,,121.90,12075750,,,90.95,91.15,,675,2025-04-21 09:56:49.940
tf,NFO,79516,,,,,90.50,-53.02,,1745209611,,,,,,,,,,,,2025-04-21 09:56:51.077
tf,NFO,79516,,,,,90.30,-53.13,,1745209611,,,,121.89,12080025,,,90.15,90.35,375,1350,2025-04-21 09:56:52.277
tf,NFO,79516,,,,,90.35,-53.10,,1745209612,,,,,,,,,,,,2025-04-21 09:56:52.300
tf,NFO,79516,,,,,90.40,-53.08,,1745209613,,,,,,,,,,,,2025-04-21 09:56:53.060
tf,NFO,79516,,,,,90.30,-53.13,,1745209613,,,,121.88,12083475,,,90.20,90.40,1200,75,2025-04-21 09:56:53.147
tf,NFO,79516,,,,,90.35,-53.10,,1745209614,,,,,,,,,,,,2025-04-21 09:56:54.057
tf,NFO,79516,,,,,90.25,-53.15,,1745209615,,,,,12085500,,,90.15,,1350,1650,2025-04-21 09:56:54.947
tf,NFO,79516,,,,,89.65,-53.46,,1745209616,,,,,,,,,,,,2025-04-21 09:56:56.058
tf,NFO,79516,,,,,90.05,-53.26,,1745209616,,,,121.86,12091500,,,89.90,90.15,1725,975,2025-04-21 09:56:56.562
tf,NFO,79516,,,,,90.10,-53.23,,1745209617,,,,,,,,,,,,2025-04-21 09:56:57.063
tf,NFO,79516,,,,,89.50,-53.54,,1745209618,,,,,,,,,,,,2025-04-21 09:56:58.168
tf,NFO,79516,,,,,,,,1745209618,,,,,12092925,,,89.55,89.75,750,75,2025-04-21 09:56:58.245
tf,NFO,79516,,,,,89.60,-53.49,,1745209619,,,,,,,,,,,,2025-04-21 09:56:59.062
tf,NFO,79516,,,,,89.35,-53.62,,1745209620,,,,121.85,12095100,,,89.15,89.35,300,675,2025-04-21 09:56:59.958
tf,NFO,79516,,,,,89.25,-53.67,,1745209620,,,,,,,,,,,,2025-04-21 09:57:00.060
tf,NFO,79516,,,,,88.95,-53.83,,1745209621,,,,,,,,,,,,2025-04-21 09:57:01.092
tf,NFO,79516,,,,,88.85,-53.88,,1745209621,,,,121.84,12098100,,,88.80,89.00,225,1725,2025-04-21 09:57:01.565
tf,NFO,79516,,,,,88.60,-54.01,,1745209622,,,,,,,,,,,,2025-04-21 09:57:02.068
tf,NFO,79516,,,,,88.80,-53.91,,1745209623,,,,,,,,,,,,2025-04-21 09:57:03.065
tf,NFO,79516,,,,,89.00,-53.80,,1745209623,,,,121.83,12100950,,,88.95,89.15,975,525,2025-04-21 09:57:03.164
tf,NFO,79516,,,,,88.90,-53.85,,1745209624,,,,,,,,,,,,2025-04-21 09:57:04.066
tf,NFO,79516,,,,,89.35,-53.62,,1745209625,,,,121.81,12111075,,,89.40,89.65,2025,900,2025-04-21 09:57:04.982
tf,NFO,79516,,,,,89.25,-53.67,,1745209626,,,,,,,,,,,,2025-04-21 09:57:06.068
tf,NFO,79516,,,,,,,,1745209626,,,,121.80,12112875,,,89.20,89.35,75,825,2025-04-21 09:57:06.569
tf,NFO,79516,,,,,89.35,-53.62,,1745209628,,,,,,,,,,,,2025-04-21 09:57:08.067
tf,NFO,79516,,,,,89.60,-53.49,,1745209628,,,,121.79,12116550,,,89.30,89.55,1350,975,2025-04-21 09:57:08.172
tf,NFO,79516,,,,,89.45,-53.57,,1745209629,,,,,,,,,,,,2025-04-21 09:57:09.074
tf,NFO,79516,,,,,88.65,-53.98,,1745209630,,,,,12117300,,,88.65,88.85,225,750,2025-04-21 09:57:09.775
tf,NFO,79516,,,,,88.80,-53.91,,1745209630,,,,,,,,,,,,2025-04-21 09:57:10.104
tf,NFO,79516,,,,,88.60,-54.01,,1745209631,,,,,,,,,,,,2025-04-21 09:57:11.073
tf,NFO,79516,,,,,88.40,-54.11,,1745209631,,,,121.78,12119325,,,88.30,88.40,75,75,2025-04-21 09:57:11.648
tf,NFO,79516,,,,,88.35,-54.14,,1745209632,,,,,,,,,,,,2025-04-21 09:57:12.103
tf,NFO,79516,,,,,88.50,-54.06,,1745209633,,,,,,,,,,,,2025-04-21 09:57:13.100
tf,NFO,79516,,,,,88.80,-53.91,,1745209633,,,,,12122250,,,88.45,88.70,525,1425,2025-04-21 09:57:13.181
tf,NFO,79516,,,,,88.60,-54.01,,1745209634,,,,,,,,,,,,2025-04-21 09:57:14.077
tf,NFO,79516,,,,,88.10,-54.27,,1745209635,,,,121.77,12123450,,,88.00,88.10,5175,825,2025-04-21 09:57:14.790
tf,NFO,79516,,,,,87.85,-54.40,,1745209635,,,,,,,,,,,,2025-04-21 09:57:15.071
tf,NFO,79516,,,,,88.80,-53.91,,1745209636,,,,,,,,,,,,2025-04-21 09:57:16.103
tf,NFO,79516,,,,,89.35,-53.62,,1745209636,,,,121.74,12134025,,,89.15,89.35,750,150,2025-04-21 09:57:16.584
tf,NFO,79516,,,,,88.55,-54.04,,1745209637,,,,,,,,,,,,2025-04-21 09:57:17.076
tf,NFO,79516,,,,,88.95,-53.83,,1745209638,,,,,,,,,,,,2025-04-21 09:57:18.122
tf,NFO,79516,,,,,,,,1745209638,,,,121.73,12140400,,,88.70,88.90,450,825,2025-04-21 09:57:18.217
tf,NFO,79516,,,,,89.05,-53.78,,1745209639,,,,,,,,,,,,2025-04-21 09:57:19.089
tf,NFO,79516,,,,,88.95,-53.83,,1745209640,,,,121.72,12143325,,,88.80,88.95,1800,450,2025-04-21 09:57:19.881
tf,NFO,79516,,,,,88.85,-53.88,,1745209640,,,,,,,,,,,,2025-04-21 09:57:20.111
tf,NFO,79516,,,,,88.55,-54.04,,1745209641,,,,,,,,,,,,2025-04-21 09:57:21.147
tf,NFO,79516,,,,,88.65,-53.98,,1745209641,,,,121.71,12147225,,,88.65,88.85,825,150,2025-04-21 09:57:21.595
tf,NFO,79516,,,,,88.70,-53.96,,1745209642,,,,,,,,,,,,2025-04-21 09:57:22.074
tf,NFO,79516,,,,,88.30,-54.17,,1745209643,,,,,,,,,,,,2025-04-21 09:57:23.077
tf,NFO,79516,,,,,88.40,-54.11,,1745209643,,,,121.70,12150900,,,88.15,88.35,375,600,2025-04-21 09:57:23.203
tf,NFO,79516,,,,,88.15,-54.24,,1745209644,,,,,,,,,,,,2025-04-21 09:57:24.081
tf,NFO,79516,,,,,87.90,-54.37,,1745209645,,,,,12151650,,,87.75,87.90,225,450,2025-04-21 09:57:24.872
tf,NFO,79516,,,,,88.15,-54.24,,1745209645,,,,,,,,,,,,2025-04-21 09:57:25.125
tf,NFO,79516,,,,,88.50,-54.06,,1745209646,,,,,,,,,,,,2025-04-21 09:57:26.076
tf,NFO,79516,,,,,88.00,-54.32,,1745209646,,,,121.69,12153375,,,87.80,88.00,600,1650,2025-04-21 09:57:26.604
tf,NFO,79516,,,,,87.90,-54.37,,1745209647,,,,,,,,,,,,2025-04-21 09:57:27.082
tf,NFO,79516,,,,,87.95,-54.35,,1745209648,,,,,,,,,,,,2025-04-21 09:57:28.103
tf,NFO,79516,,,,,,,,1745209648,,,,,12154500,,,88.05,88.25,450,375,2025-04-21 09:57:28.212
tf,NFO,79516,,,,,88.15,-54.24,,1745209649,,,,,,,,,,,,2025-04-21 09:57:29.082
tf,NFO,79516,,,,,88.50,-54.06,,1745209650,,,,121.68,12158325,,,88.20,88.40,525,1500,2025-04-21 09:57:29.805
tf,NFO,79516,,,,,88.10,-54.27,,1745209650,,,,,,,,,,,,2025-04-21 09:57:30.080
tf,NFO,79516,,,,,88.40,-54.11,,1745209651,,,,,,,,,,,,2025-04-21 09:57:31.107
tf,NFO,79516,,,,,88.50,-54.06,,1745209651,,,,121.67,12160275,,,88.25,88.50,900,1575,2025-04-21 09:57:31.628
tf,NFO,79516,,,,,88.15,-54.24,,1745209652,,,,,,,,,,,,2025-04-21 09:57:32.204
tf,NFO,79516,,,,,88.00,-54.32,,1745209653,,,,,,,,,,,,2025-04-21 09:57:33.081
tf,NFO,79516,,,,,,,,1745209653,,,,,12161925,,,87.80,88.00,525,1125,2025-04-21 09:57:33.218
tf,NFO,79516,,,,,88.25,-54.19,,1745209654,,,,,,,,,,,,2025-04-21 09:57:34.087
tf,NFO,79516,,,,,88.30,-54.17,,1745209655,,,,121.66,12163500,,,88.20,88.40,825,675,2025-04-21 09:57:34.812
tf,NFO,79516,,,,,87.85,-54.40,,1745209656,,,,,,,,,,,,2025-04-21 09:57:36.085
tf,NFO,79516,,,,,88.20,-54.22,,1745209656,,,,121.65,12169275,,,87.90,88.10,1275,450,2025-04-21 09:57:36.622
tf,NFO,79516,,,,,88.15,-54.24,,1745209657,,,,,,,,,,,,2025-04-21 09:57:37.087
tf,NFO,79516,,,,,88.00,-54.32,,1745209658,,,,,,,,,,,,2025-04-21 09:57:38.105
tf,NFO,79516,,,,,,,,1745209658,,,,,12170175,,,87.65,87.85,825,600,2025-04-21 09:57:38.279
tf,NFO,79516,,,,,87.70,-54.48,,1745209659,,,,,,1805850,,,,,,2025-04-21 09:57:39.171
tf,NFO,79516,,,,,,,,1745209660,,,,121.63,12174150,,,87.85,87.95,375,75,2025-04-21 09:57:39.821
tf,NFO,79516,,,,,87.90,-54.37,,1745209660,,,,,,,,,,,,2025-04-21 09:57:40.087
tf,NFO,79516,,,,,88.00,-54.32,,1745209661,,,,,,,,,,,,2025-04-21 09:57:41.092
tf,NFO,79516,,,,,,,,1745209661,,,,,12176025,,,88.00,88.15,,675,2025-04-21 09:57:41.624
tf,NFO,79516,,,,,87.90,-54.37,,1745209662,,,,,,,,,,,,2025-04-21 09:57:42.090
tf,NFO,79516,,,,,87.55,-54.55,,1745209663,,,,121.62,12180000,,,87.45,87.60,225,375,2025-04-21 09:57:43.226
tf,NFO,79516,,,,,87.40,-54.63,,1745209665,,,,121.61,12181500,,,87.50,87.65,1275,75,2025-04-21 09:57:44.847
tf,NFO,79516,,,,,87.35,-54.66,,1745209665,,,,,,,,,,,,2025-04-21 09:57:45.153
tf,NFO,79516,,,,,87.40,-54.63,,1745209666,,,,,,,,,,,,2025-04-21 09:57:46.114
tf,NFO,79516,,,,,87.00,-54.84,,1745209666,,,,121.60,12187650,,,87.05,87.20,150,1050,2025-04-21 09:57:46.629
tf,NFO,79516,,,,,87.10,-54.79,,1745209667,,,,,,,,,,,,2025-04-21 09:57:47.096
tf,NFO,79516,,,,,87.70,-54.48,,1745209668,,,,,,,,,,,,2025-04-21 09:57:48.091
tf,NFO,79516,,,,,87.90,-54.37,,1745209668,,,,121.59,12191550,,,87.85,88.00,975,225,2025-04-21 09:57:48.246
tf,NFO,79516,,,,,88.85,-53.88,,1745209669,,,,,,,,,,,,2025-04-21 09:57:49.123
tf,NFO,79516,,,,,89.10,-53.75,,1745209670,,,,121.57,12197250,,,88.85,89.05,450,600,2025-04-21 09:57:49.837
tf,NFO,79516,,,,,89.25,-53.67,,1745209670,,,,,,,,,,,,2025-04-21 09:57:50.092
tf,NFO,79516,,,,,89.15,-53.72,,1745209671,,,,,,,,,,,,2025-04-21 09:57:51.152
tf,NFO,79516,,,,,89.90,-53.34,,1745209671,,,,121.55,12203775,,,89.70,89.90,1200,375,2025-04-21 09:57:51.642
tf,NFO,79516,,,,,89.95,-53.31,,1745209672,,,,,,,,,,,,2025-04-21 09:57:52.093
tf,NFO,79516,,,,,90.00,-53.28,,1745209673,,,,,,,,,,,,2025-04-21 09:57:53.100
tf,NFO,79516,,,,,90.35,-53.10,,1745209673,,,,,12205650,,,90.45,90.60,225,150,2025-04-21 09:57:53.287
tf,NFO,79516,,,,,90.70,-52.92,,1745209674,,,,,,,,,,,,2025-04-21 09:57:54.205
tf,NFO,79516,,,,,90.05,-53.26,,1745209675,,,,121.54,12209250,,,90.10,90.35,1275,1425,2025-04-21 09:57:54.973
tf,NFO,79516,,,,,89.85,-53.36,,1745209676,,,,,,,,,,,,2025-04-21 09:57:56.095
tf,NFO,79516,,,,,90.30,-53.13,,1745209677,,,,121.52,12214575,,,,90.30,975,225,2025-04-21 09:57:56.646
tf,NFO,79516,,,,,90.40,-53.08,,1745209677,,,,,,,,,,,,2025-04-21 09:57:57.096
tf,NFO,79516,,,,,90.80,-52.87,,1745209678,,,,,,,,,,,,2025-04-21 09:57:58.147
tf,NFO,79516,,,,,90.65,-52.95,,1745209678,,,,,12216075,,,90.70,90.85,150,375,2025-04-21 09:57:58.246
tf,NFO,79516,,,,,90.35,-53.10,,1745209679,,,,,,,,,,,,2025-04-21 09:57:59.298
tf,NFO,79516,,,,,89.55,-53.52,,1745209680,,,,121.51,12218700,,,89.50,89.70,975,300,2025-04-21 09:57:59.857
tf,NFO,79516,,,,,89.40,-53.59,,1745209680,,,,,,,,,,,,2025-04-21 09:58:00.107
tf,NFO,79516,,,,,89.65,-53.46,,1745209681,,,,,,,,,,,,2025-04-21 09:58:01.097
tf,NFO,79516,,,,,,,,1745209682,,,,121.50,12222900,,,,,675,2400,2025-04-21 09:58:01.655
tf,NFO,79516,,,,,89.45,-53.57,,1745209682,,,,,,,,,,,,2025-04-21 09:58:02.098
tf,NFO,79516,,,,,89.40,-53.59,,1745209683,,,,,,,,,,,,2025-04-21 09:58:03.098
tf,NFO,79516,,,,,89.10,-53.75,,1745209683,,,,,12225150,,,89.05,89.20,300,825,2025-04-21 09:58:03.264
tf,NFO,79516,,,,,88.65,-53.98,,1745209684,,,,,,,,,,,,2025-04-21 09:58:04.106
tf,NFO,79516,,,,,88.85,-53.88,,1745209685,,,,121.49,12228600,,,88.70,88.85,1350,900,2025-04-21 09:58:04.901
tf,NFO,79516,,,,,88.80,-53.91,,1745209685,,,,,,,,,,,,2025-04-21 09:58:05.149
tf,NFO,79516,,,,,88.85,-53.88,,1745209686,,,,,,,,,,,,2025-04-21 09:58:06.104
tf,NFO,79516,,,,,88.75,-53.93,,1745209687,,,,121.48,12232425,,,,,825,225,2025-04-21 09:58:06.662
tf,NFO,79516,,,,,88.60,-54.01,,1745209688,,,,,,,,,,,,2025-04-21 09:58:08.104
tf,NFO,79516,,,,,,,,1745209688,,,,121.45,12242025,,,88.10,88.30,900,1050,2025-04-21 09:58:08.261
tf,NFO,79516,,,,,88.25,-54.19,,1745209689,,,,,,,,,,,,2025-04-21 09:58:09.108
tf,NFO,79516,,,,,87.65,-54.50,,1745209690,,,,121.44,12245100,,,87.65,87.80,300,75,2025-04-21 09:58:09.871
tf,NFO,79516,,,,,87.80,-54.43,,1745209690,,,,,,,,,,,,2025-04-21 09:58:10.128
tf,NFO,79516,,,,,87.15,-54.76,,1745209691,,,,,,,,,,,,2025-04-21 09:58:11.172
tf,NFO,79516,,,,,87.20,-54.74,,1745209692,,,,121.43,12250650,,,87.00,87.20,1650,900,2025-04-21 09:58:11.804
tf,NFO,79516,,,,,87.35,-54.66,,1745209692,,,,,,,,,,,,2025-04-21 09:58:12.140
tf,NFO,79516,,,,,87.45,-54.61,,1745209693,,,,,,,,,,,,2025-04-21 09:58:13.124
tf,NFO,79516,,,,,,,,1745209693,,,,121.42,12252450,,,87.35,87.50,150,600,2025-04-21 09:58:13.276
tf,NFO,79516,,,,,86.80,-54.94,,1745209694,,,,,,,,,,,,2025-04-21 09:58:14.107
tf,NFO,79516,,,,,87.20,-54.74,,1745209695,,,,121.41,12257400,,,87.00,87.20,1875,1425,2025-04-21 09:58:14.874
tf,NFO,79516,,,,,87.05,-54.81,,1745209695,,,,,,,,,,,,2025-04-21 09:58:15.108
tf,NFO,79516,,,,,87.10,-54.79,,1745209696,,,,,,,,,,,,2025-04-21 09:58:16.110
tf,NFO,79516,,,,,86.85,-54.92,,1745209697,,,,121.40,12261975,,,86.65,86.85,1050,450,2025-04-21 09:58:16.678
tf,NFO,79516,,,,,86.65,-55.02,,1745209697,,,,,,,,,,,,2025-04-21 09:58:17.111
tf,NFO,79516,,,,,86.40,-55.15,,1745209698,,,,,,,,,,,,2025-04-21 09:58:18.347
tf,NFO,79516,,,,,86.75,-54.97,,1745209698,,,,121.39,12264900,,,,,,1125,2025-04-21 09:58:18.350
tf,NFO,79516,,,,,86.45,-55.13,,1745209699,,,,,,,,,,,,2025-04-21 09:58:19.111
tf,NFO,79516,,,,,86.95,-54.87,,1745209700,,,,121.38,12268950,,,86.95,87.20,675,2100,2025-04-21 09:58:19.882
tf,NFO,79516,,,,,87.00,-54.84,,1745209700,,,,,,,,,,,,2025-04-21 09:58:20.115
tf,NFO,79516,,,,,87.20,-54.74,,1745209701,,,,,,,,,,,,2025-04-21 09:58:21.115
tf,NFO,79516,,,,,87.15,-54.76,,1745209702,,,,121.36,12273150,,,86.80,87.00,1425,675,2025-04-21 09:58:21.698
tf,NFO,79516,,,,,86.90,-54.89,,1745209702,,,,,,,,,,,,2025-04-21 09:58:22.392
tf,NFO,79516,,,,,87.50,-54.58,,1745209703,,,,,,,,,,,,2025-04-21 09:58:23.115
tf,NFO,79516,,,,,,,,1745209703,,,,,12274500,,,87.30,87.50,975,1575,2025-04-21 09:58:23.289
tf,NFO,79516,,,,,87.25,-54.71,,1745209704,,,,,,,,,,,,2025-04-21 09:58:24.113
