t,e,tk,ts,pp,ls,ti,lp,pc,c,ft,o,h,l,ap,v,oi,poi,bp1,sp1,bq1,sq1,received_timestamp
tk,NFO,79634,NIFTY24APR25C24350,2,75,0.05,47.85,37.11,34.90,1745209403,40.00,52.60,30.10,42.74,8720025,1351350,706650,47.75,47.85,375,450,2025-04-21 09:53:24.048
tf,NFO,79634,,,,,47.30,35.53,,1745209404,,,,,8726775,,,47.35,47.50,225,1725,2025-04-21 09:53:24.060
tf,NFO,79634,,,,,47.10,34.96,,1745209404,,,,,,,,,,,,2025-04-21 09:53:24.371
tf,NFO,79634,,,,,47.20,35.24,,1745209405,,,,42.75,8730900,,,47.10,47.25,1275,1050,2025-04-21 09:53:25.622
tf,NFO,79634,,,,,46.80,34.10,,1745209406,,,,,,,,,,,,2025-04-21 09:53:26.443
tf,NFO,79634,,,,,47.05,34.81,,1745209407,,,,,8735175,,,47.00,47.15,1350,1650,2025-04-21 09:53:27.254
tf,NFO,79634,,,,,46.65,33.67,,1745209408,,,,,,,,,,,,2025-04-21 09:53:28.457
tf,NFO,79634,,,,,,,,1745209409,,,,,8737575,,,46.65,46.80,525,2475,2025-04-21 09:53:29.102
tf,NFO,79634,,,,,46.80,34.10,,1745209409,,,,,,,,,,,,2025-04-21 09:53:29.578
tf,NFO,79634,,,,,47.00,34.67,,1745209410,,,,,,,,,,,,2025-04-21 09:53:30.375
tf,NFO,79634,,,,,46.95,34.53,,1745209410,,,,,8738400,,,46.95,47.10,225,2400,2025-04-21 09:53:30.622
tf,NFO,79634,,,,,47.20,35.24,,1745209412,,,,,8741100,,,47.00,47.15,1050,525,2025-04-21 09:53:32.241
tf,NFO,79634,,,,,47.00,34.67,,1745209412,,,,,,,,,,,,2025-04-21 09:53:32.385
tf,NFO,79634,,,,,46.80,34.10,,1745209413,,,,,,,,,,,,2025-04-21 09:53:33.404
tf,NFO,79634,,,,,46.70,33.81,,1745209414,,,,,8742525,,,46.70,46.85,1275,600,2025-04-21 09:53:34.034
tf,NFO,79634,,,,,46.75,33.95,,1745209415,,,,,,,,,,,,2025-04-21 09:53:35.379
tf,NFO,79634,,,,,,,,1745209415,,,,,8743350,,,,,525,825,2025-04-21 09:53:35.643
tf,NFO,79634,,,,,47.00,34.67,,1745209416,,,,,,,,,,,,2025-04-21 09:53:36.378
tf,NFO,79634,,,,,46.90,34.38,,1745209417,,,,,8744925,,,46.90,47.00,300,375,2025-04-21 09:53:37.242
tf,NFO,79634,,,,,47.10,34.96,,1745209417,,,,,,,,,,,,2025-04-21 09:53:37.381
tf,NFO,79634,,,,,47.30,35.53,,1745209418,,,,,,,,,,,,2025-04-21 09:53:38.381
tf,NFO,79634,,,,,,,,1745209419,,,,,8746950,,,47.20,47.35,825,1050,2025-04-21 09:53:38.871
tf,NFO,79634,,,,,47.55,36.25,,1745209420,,,,,,,,,,,,2025-04-21 09:53:40.423
tf,NFO,79634,,,,,,,,1745209421,,,,42.76,8750325,,,47.55,47.70,900,1725,2025-04-21 09:53:40.628
tf,NFO,79634,,,,,47.60,36.39,,1745209421,,,,,,,,,,,,2025-04-21 09:53:41.390
tf,NFO,79634,,,,,47.35,35.67,,1745209422,,,,,8751675,,,47.35,47.45,1125,150,2025-04-21 09:53:42.252
tf,NFO,79634,,,,,47.00,34.67,,1745209423,,,,,,,,,,,,2025-04-21 09:53:43.578
tf,NFO,79634,,,,,46.95,34.53,,1745209424,,,,,8752875,,,46.80,46.95,975,1050,2025-04-21 09:53:43.860
tf,NFO,79634,,,,,47.35,35.67,,1745209424,,,,,,,,,,,,2025-04-21 09:53:44.387
tf,NFO,79634,,,,,47.20,35.24,,1745209425,,,,,,,,,,,,2025-04-21 09:53:45.380
tf,NFO,79634,,,,,,,,1745209426,,,,,8755275,,,47.00,47.05,75,150,2025-04-21 09:53:45.678
tf,NFO,79634,,,,,47.05,34.81,,1745209426,,,,,,,,,,,,2025-04-21 09:53:46.494
tf,NFO,79634,,,,,47.00,34.67,,1745209427,,,,,8756775,,,47.10,47.25,1500,375,2025-04-21 09:53:47.269
tf,NFO,79634,,,,,47.15,35.10,,1745209428,,,,,,,,,,,,2025-04-21 09:53:48.384
tf,NFO,79634,,,,,47.40,35.82,,1745209429,,,,,8759100,,,47.00,47.15,525,1200,2025-04-21 09:53:48.864
tf,NFO,79634,,,,,47.20,35.24,,1745209429,,,,,,,,,,,,2025-04-21 09:53:49.380
tf,NFO,79634,,,,,47.05,34.81,,1745209430,,,,,,,,,,,,2025-04-21 09:53:50.383
tf,NFO,79634,,,,,,,,1745209431,,,,,8760150,,,46.95,47.10,975,1800,2025-04-21 09:53:50.647
tf,NFO,79634,,,,,47.25,35.39,,1745209431,,,,,,,,,,,,2025-04-21 09:53:51.382
tf,NFO,79634,,,,,47.30,35.53,,1745209432,,,,,8762775,,,47.20,47.35,900,1650,2025-04-21 09:53:52.411
tf,NFO,79634,,,,,46.95,34.53,,1745209433,,,,,,,,,,,,2025-04-21 09:53:53.432
tf,NFO,79634,,,,,47.05,34.81,,1745209434,,,,,8763675,,,47.00,47.10,300,900,2025-04-21 09:53:53.903
tf,NFO,79634,,,,,46.90,34.38,,1745209435,,,,,,,,,,,,2025-04-21 09:53:55.452
tf,NFO,79634,,,,,,,,1745209436,,,,,8765025,,,46.95,,675,1950,2025-04-21 09:53:55.652
tf,NFO,79634,,,,,47.00,34.67,,1745209436,,,,,,,,,,,,2025-04-21 09:53:56.405
tf,NFO,79634,,,,,46.90,34.38,,1745209437,,,,,8767725,,,46.65,46.80,825,900,2025-04-21 09:53:57.275
tf,NFO,79634,,,,,46.65,33.67,,1745209437,,,,,,,,,,,,2025-04-21 09:53:57.390
tf,NFO,79634,,,,,46.95,34.53,,1745209438,,,,,,,,,,,,2025-04-21 09:53:58.396
tf,NFO,79634,,,,,46.85,34.24,,1745209439,,,,42.77,8768400,,,46.85,47.00,450,3000,2025-04-21 09:53:58.935
tf,NFO,79634,,,,,47.00,34.67,,1745209439,,,,,,,,,,,,2025-04-21 09:53:59.458
tf,NFO,79634,,,,,47.05,34.81,,1745209440,,,,,,,,,,,,2025-04-21 09:54:00.422
tf,NFO,79634,,,,,47.15,35.10,,1745209441,,,,,8769525,,,47.20,47.30,750,675,2025-04-21 09:54:00.666
tf,NFO,79634,,,,,46.95,34.53,,1745209441,,,,,,,,,,,,2025-04-21 09:54:01.458
tf,NFO,79634,,,,,47.00,34.67,,1745209442,,,,,8773200,,,47.10,47.20,150,600,2025-04-21 09:54:02.302
tf,NFO,79634,,,,,46.90,34.38,,1745209444,,,,,8774475,,,46.80,46.95,1650,1800,2025-04-21 09:54:03.894
tf,NFO,79634,,,,,46.80,34.10,,1745209444,,,,,,,,,,,,2025-04-21 09:54:04.399
tf,NFO,79634,,,,,46.95,34.53,,1745209445,,,,,,,,,,,,2025-04-21 09:54:05.397
tf,NFO,79634,,,,,47.00,34.67,,1745209446,,,,,8775000,,,46.60,46.75,1275,900,2025-04-21 09:54:05.793
tf,NFO,79634,,,,,46.70,33.81,,1745209446,,,,,,,,,,,,2025-04-21 09:54:06.398
tf,NFO,79634,,,,,46.80,34.10,,1745209447,,,,,8776725,,,46.80,46.95,600,1725,2025-04-21 09:54:07.273
tf,NFO,79634,,,,,47.00,34.67,,1745209447,,,,,,,,,,,,2025-04-21 09:54:07.406
tf,NFO,79634,,,,,46.90,34.38,,1745209448,,,,,,,,,,,,2025-04-21 09:54:08.400
tf,NFO,79634,,,,,46.85,34.24,,1745209449,,,,,8779875,,,46.75,46.90,450,2100,2025-04-21 09:54:08.896
tf,NFO,79634,,,,,47.00,34.67,,1745209449,,,,,,,,,,,,2025-04-21 09:54:09.400
tf,NFO,79634,,,,,46.90,34.38,,1745209450,,,,,,,,,,,,2025-04-21 09:54:10.402
tf,NFO,79634,,,,,46.65,33.67,,1745209451,,,,,8780775,,,46.50,46.65,525,1575,2025-04-21 09:54:10.679
tf,NFO,79634,,,,,46.75,33.95,,1745209451,,,,,,,,,,,,2025-04-21 09:54:11.401
tf,NFO,79634,,,,,46.55,33.38,,1745209452,,,,,8781000,,,46.60,46.70,1125,225,2025-04-21 09:54:12.304
tf,NFO,79634,,,,,46.45,33.09,,1745209453,,,,,,,,,,,,2025-04-21 09:54:13.561
tf,NFO,79634,,,,,46.75,33.95,,1745209454,,,,,8784000,,,46.55,46.65,525,525,2025-04-21 09:54:13.981
tf,NFO,79634,,,,,46.65,33.67,,1745209454,,,,,,,,,,,,2025-04-21 09:54:14.488
tf,NFO,79634,,,,,46.50,33.24,,1745209455,,,,,,,,,,,,2025-04-21 09:54:15.430
tf,NFO,79634,,,,,,,,1745209456,,,,,8784825,,,46.50,46.60,600,450,2025-04-21 09:54:15.682
tf,NFO,79634,,,,,46.90,34.38,,1745209456,,,,,,,,,,,,2025-04-21 09:54:16.599
tf,NFO,79634,,,,,46.95,34.53,,1745209457,,,,,8785650,,,46.80,46.95,675,2475,2025-04-21 09:54:17.416
tf,NFO,79634,,,,,47.00,34.67,,1745209458,,,,,,,,,,,,2025-04-21 09:54:18.421
tf,NFO,79634,,,,,,,,1745209459,,,,,8786325,,,47.00,47.10,75,2175,2025-04-21 09:54:19.114
tf,NFO,79634,,,,,47.30,35.53,,1745209459,,,,,,,,,,,,2025-04-21 09:54:20.069
tf,NFO,79634,,,,,47.55,36.25,,1745209460,,,,,,,,,,,,2025-04-21 09:54:20.496
tf,NFO,79634,,,,,,,,1745209460,,,,,8788275,,,47.55,47.70,225,2850,2025-04-21 09:54:20.586
tf,NFO,79634,,,,,47.45,35.96,,1745209462,,,,42.78,8790975,,,47.45,47.50,75,225,2025-04-21 09:54:22.476
tf,NFO,79634,,,,,47.20,35.24,,1745209463,,,,,,,,,,,,2025-04-21 09:54:23.409
tf,NFO,79634,,,,,47.45,35.96,,1745209464,,,,,8792250,,,47.35,47.45,975,2025,2025-04-21 09:54:24.029
tf,NFO,79634,,,,,47.25,35.39,,1745209464,,,,,,,,,,,,2025-04-21 09:54:24.478
tf,NFO,79634,,,,,47.35,35.67,,1745209465,,,,,,,,,,,,2025-04-21 09:54:25.609
tf,NFO,79634,,,,,,,,1745209465,,,,,8793075,,,47.20,47.30,75,1800,2025-04-21 09:54:25.671
tf,NFO,79634,,,,,47.20,35.24,,1745209466,,,,,,,,,,,,2025-04-21 09:54:26.623
tf,NFO,79634,,,,,47.25,35.39,,1745209467,,,,,8794350,,,47.15,,600,,2025-04-21 09:54:27.311
tf,NFO,79634,,,,,47.05,34.81,,1745209468,,,,,,,,,,,,2025-04-21 09:54:28.411
tf,NFO,79634,,,,,47.20,35.24,,1745209469,,,,,8796150,,,46.95,47.10,675,2475,2025-04-21 09:54:28.950
tf,NFO,79634,,,,,47.35,35.67,,1745209469,,,,,,,,,,,,2025-04-21 09:54:29.429
tf,NFO,79634,,,,,46.85,34.24,,1745209470,,,,,,,,,,,,2025-04-21 09:54:30.504
tf,NFO,79634,,,,,47.00,34.67,,1745209470,,,,,8797425,,,46.85,47.00,300,,2025-04-21 09:54:30.543
tf,NFO,79634,,,,,,,,1745209472,,,,,8799450,,,,,450,2100,2025-04-21 09:54:32.321
tf,NFO,79634,,,,,46.90,34.38,,1745209472,,,,,,,,,,,,2025-04-21 09:54:32.553
tf,NFO,79634,,,,,46.80,34.10,,1745209473,,,,,,,,,,,,2025-04-21 09:54:33.443
tf,NFO,79634,,,,,47.05,34.81,,1745209474,,,,,8800875,,,47.10,47.25,1125,600,2025-04-21 09:54:34.049
tf,NFO,79634,,,,,47.30,35.53,,1745209474,,,,,,,,,,,,2025-04-21 09:54:34.419
tf,NFO,79634,,,,,47.00,34.67,,1745209475,,,,,,,,,,,,2025-04-21 09:54:35.464
tf,NFO,79634,,,,,,,,1745209475,,,,,8802975,,,46.90,47.00,525,825,2025-04-21 09:54:35.733
tf,NFO,79634,,,,,47.30,35.53,,1745209476,,,,,,,,,,,,2025-04-21 09:54:36.420
tf,NFO,79634,,,,,47.25,35.39,,1745209477,,,,,8805450,,,47.25,47.40,2775,900,2025-04-21 09:54:37.311
tf,NFO,79634,,,,,47.05,34.81,,1745209478,,,,,,,,,,,,2025-04-21 09:54:38.423
tf,NFO,79634,,,,,47.15,35.10,,1745209479,,,,,8806950,,,46.95,47.10,375,1650,2025-04-21 09:54:38.978
tf,NFO,79634,,,,,47.05,34.81,,1745209479,,,,,,1352925,,,,,,2025-04-21 09:54:39.560
tf,NFO,79634,,,,,47.30,35.53,,1745209480,,,,,,,,,,,,2025-04-21 09:54:40.425
tf,NFO,79634,,,,,47.25,35.39,,1745209480,,,,,8808525,,,47.15,47.30,975,1200,2025-04-21 09:54:40.520
tf,NFO,79634,,,,,47.10,34.96,,1745209481,,,,,,,,,,,,2025-04-21 09:54:41.417
tf,NFO,79634,,,,,47.20,35.24,,1745209482,,,,42.79,8813700,,,,47.25,1500,150,2025-04-21 09:54:42.322
tf,NFO,79634,,,,,46.95,34.53,,1745209483,,,,,,,,,,,,2025-04-21 09:54:43.419
tf,NFO,79634,,,,,46.85,34.24,,1745209484,,,,,8814900,,,46.80,46.95,1125,1125,2025-04-21 09:54:43.927
tf,NFO,79634,,,,,47.05,34.81,,1745209484,,,,,,,,,,,,2025-04-21 09:54:44.426
tf,NFO,79634,,,,,47.25,35.39,,1745209485,,,,,8816100,,,47.25,47.40,150,2250,2025-04-21 09:54:45.622
tf,NFO,79634,,,,,47.20,35.24,,1745209486,,,,,,,,,,,,2025-04-21 09:54:46.517
tf,NFO,79634,,,,,47.40,35.82,,1745209487,,,,,8818575,,,47.30,,1575,525,2025-04-21 09:54:47.362
tf,NFO,79634,,,,,47.20,35.24,,1745209488,,,,,,,,,,,,2025-04-21 09:54:48.625
tf,NFO,79634,,,,,,,,1745209489,,,,,8820600,,,47.25,,1350,1050,2025-04-21 09:54:48.934
tf,NFO,79634,,,,,47.25,35.39,,1745209489,,,,,,,,,,,,2025-04-21 09:54:49.424
tf,NFO,79634,,,,,47.15,35.10,,1745209490,,,,,,,,,,,,2025-04-21 09:54:50.430
tf,NFO,79634,,,,,,,,1745209490,,,,,8824425,,,47.30,47.45,975,1875,2025-04-21 09:54:50.535
tf,NFO,79634,,,,,47.55,36.25,,1745209492,,,,,8828700,,,47.55,47.70,1125,600,2025-04-21 09:54:52.451
tf,NFO,79634,,,,,48.00,37.54,,1745209493,,,,,,,,,,,,2025-04-21 09:54:53.475
tf,NFO,79634,,,,,47.80,36.96,,1745209494,,,,42.80,8836575,,,47.65,47.80,1500,675,2025-04-21 09:54:53.952
tf,NFO,79634,,,,,47.70,36.68,,1745209494,,,,,,,,,,,,2025-04-21 09:54:54.451
tf,NFO,79634,,,,,47.80,36.96,,1745209495,,,,,,,,,,,,2025-04-21 09:54:55.430
tf,NFO,79634,,,,,47.70,36.68,,1745209495,,,,,8838150,,,47.70,47.85,1425,1650,2025-04-21 09:54:55.572
tf,NFO,79634,,,,,47.80,36.96,,1745209496,,,,,,,,,,,,2025-04-21 09:54:56.430
tf,NFO,79634,,,,,47.40,35.82,,1745209497,,,,,8843400,,,47.40,47.55,1275,1125,2025-04-21 09:54:57.378
tf,NFO,79634,,,,,47.90,37.25,,1745209498,,,,,,,,,,,,2025-04-21 09:54:58.603
tf,NFO,79634,,,,,47.95,37.39,,1745209499,,,,,8845650,,,47.80,47.85,75,600,2025-04-21 09:54:59.108
tf,NFO,79634,,,,,47.85,37.11,,1745209499,,,,,,,,,,,,2025-04-21 09:54:59.798
tf,NFO,79634,,,,,48.00,37.54,,1745209500,,,,42.81,8851275,,,,47.95,2400,750,2025-04-21 09:55:00.621
tf,NFO,79634,,,,,47.55,36.25,,1745209501,,,,,,,,,,,,2025-04-21 09:55:01.443
tf,NFO,79634,,,,,47.20,35.24,,1745209502,,,,,8860275,,,47.25,47.40,825,1650,2025-04-21 09:55:02.360
tf,NFO,79634,,,,,47.35,35.67,,1745209503,,,,,,,,,,,,2025-04-21 09:55:03.435
tf,NFO,79634,,,,,47.55,36.25,,1745209504,,,,42.82,8867250,,,47.30,47.45,1350,975,2025-04-21 09:55:03.956
tf,NFO,79634,,,,,47.65,36.53,,1745209504,,,,,,,,,,,,2025-04-21 09:55:04.439
tf,NFO,79634,,,,,47.70,36.68,,1745209505,,,,,,,,,,,,2025-04-21 09:55:05.485
tf,NFO,79634,,,,,47.60,36.39,,1745209505,,,,,8874225,,,47.55,47.70,1575,1275,2025-04-21 09:55:05.759
tf,NFO,79634,,,,,,,,1745209507,,,,42.83,8889225,,,,47.75,2325,900,2025-04-21 09:55:07.405
tf,NFO,79634,,,,,47.85,37.11,,1745209508,,,,,,,,,,,,2025-04-21 09:55:08.503
tf,NFO,79634,,,,,,,,1745209509,,,,,8893500,,,47.90,48.05,,,2025-04-21 09:55:08.959
tf,NFO,79634,,,,,47.50,36.10,,1745209509,,,,,,,,,,,,2025-04-21 09:55:09.439
tf,NFO,79634,,,,,47.95,37.39,,1745209510,,,,,8901975,,,47.80,47.95,1500,1575,2025-04-21 09:55:10.576
tf,NFO,79634,,,,,47.85,37.11,,1745209511,,,,,,,,,,,,2025-04-21 09:55:10.637
tf,NFO,79634,,,,,48.10,37.82,,1745209511,,,,,,,,,,,,2025-04-21 09:55:11.447
tf,NFO,79634,,,,,47.80,36.96,,1745209512,,,,42.84,8914950,,,47.85,48.00,1650,675,2025-04-21 09:55:12.531
tf,NFO,79634,,,,,47.85,37.11,,1745209513,,,,,,,,,,,,2025-04-21 09:55:13.454
tf,NFO,79634,,,,,48.25,38.25,,1745209514,,,,42.85,8922825,,,48.05,48.20,1875,825,2025-04-21 09:55:14.003
tf,NFO,79634,,,,,48.10,37.82,,1745209514,,,,,,,,,,,,2025-04-21 09:55:14.446
tf,NFO,79634,,,,,48.75,39.68,,1745209515,,,,,8932200,,,48.75,48.90,1125,1350,2025-04-21 09:55:15.587
tf,NFO,79634,,,,,48.85,39.97,,1745209516,,,,,,,,,,,,2025-04-21 09:55:15.645
tf,NFO,79634,,,,,48.60,39.26,,1745209516,,,,,,,,,,,,2025-04-21 09:55:16.463
tf,NFO,79634,,,,,50.30,44.13,,1745209517,,,,42.89,8976825,,,50.35,50.50,150,975,2025-04-21 09:55:17.374
tf,NFO,79634,,,,,50.40,44.41,,1745209518,,,,,,,,,,,,2025-04-21 09:55:17.646
tf,NFO,79634,,,,,50.80,45.56,,1745209518,,,,,,,,,,,,2025-04-21 09:55:18.453
tf,NFO,79634,,,,,50.70,45.27,,1745209519,,,,42.90,8992275,,,50.65,50.80,225,375,2025-04-21 09:55:19.037
tf,NFO,79634,,,,,49.90,42.98,,1745209520,,,,,,,,,,,,2025-04-21 09:55:19.878
tf,NFO,79634,,,,,50.05,43.41,,1745209520,,,,,,,,,,,,2025-04-21 09:55:20.447
tf,NFO,79634,,,,,50.10,43.55,,1745209520,,,,42.92,9015750,,,50.05,50.20,1275,75,2025-04-21 09:55:20.592
tf,NFO,79634,,,,,51.05,46.28,,1745209521,,,,,,,,,,,,2025-04-21 09:55:21.479
tf,NFO,79634,,,,,51.25,46.85,,1745209522,,,,42.94,9040875,,,51.05,51.20,300,1350,2025-04-21 09:55:22.377
tf,NFO,79634,,,,,51.80,48.42,,1745209523,,,,,,,,,,,,2025-04-21 09:55:22.675
tf,NFO,79634,,,,,51.85,48.57,,1745209523,,,,,,,,,,,,2025-04-21 09:55:23.448
tf,NFO,79634,,,,,,,,1745209524,,,,42.97,9074400,,,51.70,51.80,225,1125,2025-04-21 09:55:23.982
tf,NFO,79634,,,,,52.00,49.00,,1745209524,,,,,,,,,,,,2025-04-21 09:55:24.456
tf,NFO,79634,,,,,51.60,47.85,,1745209525,,,,,,,,,,,,2025-04-21 09:55:25.686
tf,NFO,79634,,,,,51.70,48.14,,1745209525,,,,42.99,9086850,,,51.40,51.55,750,600,2025-04-21 09:55:25.693
tf,NFO,79634,,,,,51.80,48.42,,1745209526,,,,,,,,,,,,2025-04-21 09:55:26.490
tf,NFO,79634,,,,,52.45,50.29,,1745209527,,54.00,,43.01,9113625,,,52.45,52.55,525,150,2025-04-21 09:55:27.217
tf,NFO,79634,,,,,52.25,49.71,,1745209528,,,,,,,,,,,,2025-04-21 09:55:27.646
tf,NFO,79634,,,,,52.15,49.43,,1745209528,,,,,,,,,,,,2025-04-21 09:55:28.447
tf,NFO,79634,,,,,52.30,49.86,,1745209529,,,,43.03,9130875,,,52.30,52.40,300,,2025-04-21 09:55:28.817
tf,NFO,79634,,,,,51.80,48.42,,1745209529,,,,,,,,,,,,2025-04-21 09:55:29.458
tf,NFO,79634,,,,,51.55,47.71,,1745209530,,,,,,,,,,,,2025-04-21 09:55:30.451
tf,NFO,79634,,,,,52.25,49.71,,1745209530,,,,43.05,9150075,,,52.20,52.30,375,450,2025-04-21 09:55:30.592
tf,NFO,79634,,,,,52.40,50.14,,1745209531,,,,,,,,,,,,2025-04-21 09:55:31.459
tf,NFO,79634,,,,,,,,1745209532,,,,43.08,9176700,,,52.30,52.40,150,1050,2025-04-21 09:55:32.432
tf,NFO,79634,,,,,52.30,49.86,,1745209532,,,,,,,,,,,,2025-04-21 09:55:32.624
tf,NFO,79634,,,,,52.35,50.00,,1745209533,,,,,,,,,,,,2025-04-21 09:55:33.470
tf,NFO,79634,,,,,52.40,50.14,,1745209534,,,,,9184500,,,52.25,,450,1425,2025-04-21 09:55:33.817
tf,NFO,79634,,,,,52.05,49.14,,1745209534,,,,,,,,,,,,2025-04-21 09:55:34.462
tf,NFO,79634,,,,,51.50,47.56,,1745209535,,,,43.09,9192375,,,51.45,51.60,150,1500,2025-04-21 09:55:35.430
tf,NFO,79634,,,,,51.10,46.42,,1745209536,,,,,,,,,,,,2025-04-21 09:55:35.652
tf,NFO,79634,,,,,51.20,46.70,,1745209536,,,,,,,,,,,,2025-04-21 09:55:36.462
tf,NFO,79634,,,,,51.25,46.85,,1745209537,,,,43.10,9202275,,,51.35,51.50,375,1350,2025-04-21 09:55:37.033
tf,NFO,79634,,,,,51.75,48.28,,1745209537,,,,,,,,,,,,2025-04-21 09:55:37.454
tf,NFO,79634,,,,,51.85,48.57,,1745209538,,,,,,,,,,,,2025-04-21 09:55:38.475
tf,NFO,79634,,,,,,,,1745209539,,,,43.11,9216900,,,51.90,52.05,,675,2025-04-21 09:55:38.958
tf,NFO,79634,,,,,51.70,48.14,,1745209539,,,,,,,,,,,,2025-04-21 09:55:39.571
tf,NFO,79634,,,,,52.00,49.00,,1745209540,,,,43.12,9220200,,,,,75,1050,2025-04-21 09:55:40.552
tf,NFO,79634,,,,,52.20,49.57,,1745209541,,,,,,,,,,,,2025-04-21 09:55:41.576
tf,NFO,79634,,,,,52.15,49.43,,1745209542,,,,43.13,9231000,,,52.10,52.25,1500,150,2025-04-21 09:55:42.066
tf,NFO,79634,,,,,52.25,49.71,,1745209542,,,,,,,,,,,,2025-04-21 09:55:42.467
tf,NFO,79634,,,,,52.60,50.72,,1745209543,,,,,,,,,,,,2025-04-21 09:55:43.463
tf,NFO,79634,,,,,53.00,51.86,,1745209544,,,,43.14,9241350,,,52.75,52.90,975,75,2025-04-21 09:55:43.814
tf,NFO,79634,,,,,52.90,51.58,,1745209544,,,,,,,,,,,,2025-04-21 09:55:44.460
tf,NFO,79634,,,,,52.05,49.14,,1745209545,,,,43.15,9250050,,,51.95,52.10,600,1200,2025-04-21 09:55:45.509
tf,NFO,79634,,,,,52.00,49.00,,1745209546,,,,,,,,,,,,2025-04-21 09:55:46.533
tf,NFO,79634,,,,,52.05,49.14,,1745209547,,,,,9255225,,,52.00,52.15,300,1275,2025-04-21 09:55:47.048
tf,NFO,79634,,,,,52.10,49.28,,1745209549,,,,43.16,9265125,,,52.05,52.20,75,1350,2025-04-21 09:55:48.828
tf,NFO,79634,,,,,52.15,49.43,,1745209549,,,,,,,,,,,,2025-04-21 09:55:49.472
tf,NFO,79634,,,,,52.00,49.00,,1745209550,,,,43.17,9273075,,,51.90,52.05,150,975,2025-04-21 09:55:50.448
tf,NFO,79634,,,,,51.90,48.71,,1745209552,,,,,,,,,,,,2025-04-21 09:55:51.663
tf,NFO,79634,,,,,51.75,48.28,,1745209552,,,,,9278025,,,51.65,51.80,600,1725,2025-04-21 09:55:52.266
tf,NFO,79634,,,,,51.90,48.71,,1745209552,,,,,,,,,,,,2025-04-21 09:55:52.471
tf,NFO,79634,,,,,50.90,45.85,,1745209553,,,,,,,,,,,,2025-04-21 09:55:53.463
tf,NFO,79634,,,,,50.60,44.99,,1745209554,,,,43.18,9288225,,,50.60,50.75,375,900,2025-04-21 09:55:53.849
tf,NFO,79634,,,,,51.25,46.85,,1745209555,,,,43.19,9292425,,,51.10,51.25,900,675,2025-04-21 09:55:55.438
tf,NFO,79634,,,,,51.10,46.42,,1745209555,,,,,,,,,,,,2025-04-21 09:55:55.473
tf,NFO,79634,,,,,50.70,45.27,,1745209556,,,,,,,,,,,,2025-04-21 09:55:56.478
tf,NFO,79634,,,,,50.50,44.70,,1745209557,,,,,9299925,,,50.40,50.50,450,150,2025-04-21 09:55:57.054
tf,NFO,79634,,,,,50.55,44.84,,1745209557,,,,,,,,,,,,2025-04-21 09:55:57.464
tf,NFO,79634,,,,,49.75,42.55,,1745209558,,,,,,,,,,,,2025-04-21 09:55:58.543
tf,NFO,79634,,,,,49.55,41.98,,1745209559,,,,43.22,9333600,,,49.50,49.65,675,1200,2025-04-21 09:55:58.842
tf,NFO,79634,,,,,48.85,39.97,,1745209560,,,,,,,,,,,,2025-04-21 09:55:59.669
tf,NFO,79634,,,,,48.10,37.82,,1745209560,,,,43.23,9347625,,,48.10,48.25,750,525,2025-04-21 09:56:00.444
tf,NFO,79634,,,,,49.05,40.54,,1745209561,,,,,,,,,,,,2025-04-21 09:56:01.479
tf,NFO,79634,,,,,49.15,40.83,,1745209562,,,,,9358650,,,48.95,49.10,675,1050,2025-04-21 09:56:02.058
tf,NFO,79634,,,,,48.80,39.83,,1745209563,,,,,,,,,,,,2025-04-21 09:56:02.677
tf,NFO,79634,,,,,49.15,40.83,,1745209563,,,,,,,,,,,,2025-04-21 09:56:03.489
tf,NFO,79634,,,,,48.75,39.68,,1745209564,,,,43.24,9365400,,,48.65,48.75,75,600,2025-04-21 09:56:03.848
tf,NFO,79634,,,,,48.60,39.26,,1745209564,,,,,,,,,,,,2025-04-21 09:56:04.487
tf,NFO,79634,,,,,49.05,40.54,,1745209565,,,,,9369825,,,48.85,49.00,600,1275,2025-04-21 09:56:05.518
tf,NFO,79634,,,,,49.10,40.69,,1745209566,,,,,,,,,,,,2025-04-21 09:56:06.475
tf,NFO,79634,,,,,,,,1745209567,,,,,9373125,,,49.15,49.30,750,825,2025-04-21 09:56:07.082
tf,NFO,79634,,,,,49.15,40.83,,1745209567,,,,,,,,,,,,2025-04-21 09:56:07.475
tf,NFO,79634,,,,,49.80,42.69,,1745209568,,,,,,,,,,,,2025-04-21 09:56:08.478
tf,NFO,79634,,,,,50.10,43.55,,1745209569,,,,43.25,9382050,,,49.90,50.10,225,375,2025-04-21 09:56:08.855
tf,NFO,79634,,,,,50.60,44.99,,1745209569,,,,,,,,,,,,2025-04-21 09:56:09.480
tf,NFO,79634,,,,,50.50,44.70,,1745209570,,,,,9389250,,,50.40,50.50,975,75,2025-04-21 09:56:10.477
tf,NFO,79634,,,,,50.20,43.84,,1745209571,,,,,,,,,,,,2025-04-21 09:56:11.522
tf,NFO,79634,,,,,50.50,44.70,,1745209572,,,,43.26,9395250,,,,50.55,825,825,2025-04-21 09:56:12.127
tf,NFO,79634,,,,,50.40,44.41,,1745209572,,,,,,,,,,,,2025-04-21 09:56:12.536
tf,NFO,79634,,,,,50.45,44.56,,1745209573,,,,,,,,,,,,2025-04-21 09:56:13.553
tf,NFO,79634,,,,,50.25,43.98,,1745209574,,,,,9396975,,,50.30,50.45,,,2025-04-21 09:56:13.942
tf,NFO,79634,,,,,50.55,44.84,,1745209574,,,,,,,,,,,,2025-04-21 09:56:14.573
tf,NFO,79634,,,,,50.50,44.70,,1745209575,,,,,9398550,,,50.50,50.65,1500,525,2025-04-21 09:56:15.478
tf,NFO,79634,,,,,50.25,43.98,,1745209576,,,,,,,,,,,,2025-04-21 09:56:16.484
tf,NFO,79634,,,,,,,,1745209577,,,,,9399900,,,50.20,50.30,75,225,2025-04-21 09:56:17.096
tf,NFO,79634,,,,,50.55,44.84,,1745209578,,,,,,,,,,,,2025-04-21 09:56:18.511
tf,NFO,79634,,,,,50.50,44.70,,1745209579,,,,,9402525,,,,50.35,375,1050,2025-04-21 09:56:18.923
tf,NFO,79634,,,,,50.30,44.13,,1745209580,,,,,,,,,,,,2025-04-21 09:56:19.683
tf,NFO,79634,,,,,50.20,43.84,,1745209580,,,,,9404475,,,50.15,50.25,75,300,2025-04-21 09:56:20.484
tf,NFO,79634,,,,,49.65,42.26,,1745209581,,,,,,,,,,,,2025-04-21 09:56:21.481
tf,NFO,79634,,,,,49.55,41.98,,1745209582,,,,43.27,9406800,,,49.50,49.65,150,2100,2025-04-21 09:56:22.081
tf,NFO,79634,,,,,49.50,41.83,,1745209582,,,,,,,,,,,,2025-04-21 09:56:22.480
tf,NFO,79634,,,,,49.45,41.69,,1745209583,,,,,,,,,,,,2025-04-21 09:56:23.481
tf,NFO,79634,,,,,49.05,40.54,,1745209584,,,,,9411525,,,49.05,49.15,300,300,2025-04-21 09:56:23.878
tf,NFO,79634,,,,,49.40,41.55,,1745209584,,,,,,,,,,,,2025-04-21 09:56:24.484
tf,NFO,79634,,,,,49.05,40.54,,1745209585,,,,43.28,9422100,,,49.00,49.05,450,675,2025-04-21 09:56:25.498
tf,NFO,79634,,,,,49.00,40.40,,1745209586,,,,,,,,,,,,2025-04-21 09:56:26.482
tf,NFO,79634,,,,,48.65,39.40,,1745209587,,,,,9428475,,,48.50,48.65,525,1050,2025-04-21 09:56:27.105
tf,NFO,79634,,,,,48.30,38.40,,1745209587,,,,,,,,,,,,2025-04-21 09:56:27.483
tf,NFO,79634,,,,,47.95,37.39,,1745209588,,,,,,,,,,,,2025-04-21 09:56:28.485
tf,NFO,79634,,,,,48.15,37.97,,1745209589,,,,43.29,9449625,,,48.10,48.25,1425,525,2025-04-21 09:56:28.885
tf,NFO,79634,,,,,48.65,39.40,,1745209589,,,,,,,,,,,,2025-04-21 09:56:29.491
tf,NFO,79634,,,,,48.70,39.54,,1745209590,,,,,,,,,,,,2025-04-21 09:56:30.493
tf,NFO,79634,,,,,,,,1745209590,,,,,9456525,,,48.50,48.65,,225,2025-04-21 09:56:30.499
tf,NFO,79634,,,,,48.95,40.26,,1745209591,,,,,,,,,,,,2025-04-21 09:56:31.539
tf,NFO,79634,,,,,49.20,40.97,,1745209592,,,,43.30,9467025,,,49.20,49.35,2175,450,2025-04-21 09:56:32.204
tf,NFO,79634,,,,,49.25,41.12,,1745209592,,,,,,,,,,,,2025-04-21 09:56:32.574
tf,NFO,79634,,,,,49.20,40.97,,1745209593,,,,,,,,,,,,2025-04-21 09:56:33.496
tf,NFO,79634,,,,,49.45,41.69,,1745209594,,,,43.31,9477750,,,49.40,49.55,1500,675,2025-04-21 09:56:33.899
tf,NFO,79634,,,,,49.40,41.55,,1745209594,,,,,,,,,,,,2025-04-21 09:56:34.496
tf,NFO,79634,,,,,49.50,41.83,,1745209595,,,,,,,,,,,,2025-04-21 09:56:35.490
tf,NFO,79634,,,,,,,,1745209595,,,,,9484050,,,49.20,49.35,1725,1275,2025-04-21 09:56:35.517
tf,NFO,79634,,,,,49.70,42.41,,1745209596,,,,,,,,,,,,2025-04-21 09:56:36.491
tf,NFO,79634,,,,,49.80,42.69,,1745209597,,,,,9489600,,,49.60,49.75,1425,1050,2025-04-21 09:56:37.101
tf,NFO,79634,,,,,49.75,42.55,,1745209597,,,,,,,,,,,,2025-04-21 09:56:37.497
tf,NFO,79634,,,,,49.60,42.12,,1745209599,,,,43.32,9501975,,,49.45,49.60,600,1800,2025-04-21 09:56:38.778
tf,NFO,79634,,,,,49.50,41.83,,1745209599,,,,,,,,,,,,2025-04-21 09:56:39.496
tf,NFO,79634,,,,,49.75,42.55,,1745209600,,,,,,,,,,,,2025-04-21 09:56:40.493
tf,NFO,79634,,,,,,,,1745209600,,,,,9505125,,,49.60,49.75,1200,1050,2025-04-21 09:56:40.503
tf,NFO,79634,,,,,49.45,41.69,,1745209601,,,,,,,,,,,,2025-04-21 09:56:41.505
tf,NFO,79634,,,,,49.55,41.98,,1745209602,,,,43.33,9513900,,,49.50,49.65,900,2025,2025-04-21 09:56:42.133
tf,NFO,79634,,,,,49.45,41.69,,1745209602,,,,,,,,,,,,2025-04-21 09:56:42.501
tf,NFO,79634,,,,,49.35,41.40,,1745209604,,,,,9516825,,,49.35,49.55,1200,1200,2025-04-21 09:56:43.717
tf,NFO,79634,,,,,49.50,41.83,,1745209604,,,,,,,,,,,,2025-04-21 09:56:44.498
tf,NFO,79634,,,,,49.65,42.26,,1745209605,,,,,,,,,,,,2025-04-21 09:56:45.518
tf,NFO,79634,,,,,,,,1745209605,,,,43.34,9525000,,,49.65,49.75,750,225,2025-04-21 09:56:45.522
tf,NFO,79634,,,,,49.60,42.12,,1745209606,,,,,,,,,,,,2025-04-21 09:56:46.530
tf,NFO,79634,,,,,49.70,42.41,,1745209607,,,,,9526950,,,49.55,49.70,675,2475,2025-04-21 09:56:47.149
tf,NFO,79634,,,,,49.85,42.84,,1745209607,,,,,,,,,,,,2025-04-21 09:56:47.552
tf,NFO,79634,,,,,49.60,42.12,,1745209608,,,,,,,,,,,,2025-04-21 09:56:48.502
tf,NFO,79634,,,,,49.30,41.26,,1745209609,,,,,9529725,,,49.20,49.30,,825,2025-04-21 09:56:48.747
tf,NFO,79634,,,,,48.95,40.26,,1745209609,,,,,,,,,,,,2025-04-21 09:56:49.506
tf,NFO,79634,,,,,49.25,41.12,,1745209610,,,,,,,,,,,,2025-04-21 09:56:50.500
tf,NFO,79634,,,,,,,,1745209610,,,,,9534600,,,48.95,49.10,825,1575,2025-04-21 09:56:50.530
tf,NFO,79634,,,,,49.10,40.69,,1745209611,,,,,,,,,,,,2025-04-21 09:56:52.275
tf,NFO,79634,,,,,49.20,40.97,,1745209612,,,,43.35,9538650,,,49.25,49.35,150,750,2025-04-21 09:56:52.302
tf,NFO,79634,,,,,49.30,41.26,,1745209613,,,,,,,,,,,,2025-04-21 09:56:53.509
tf,NFO,79634,,,,,,,,1745209614,,,,,9540525,,,49.35,49.50,1050,1800,2025-04-21 09:56:53.731
tf,NFO,79634,,,,,49.15,40.83,,1745209614,,,,,,,,,,,,2025-04-21 09:56:54.505
tf,NFO,79634,,,,,49.60,42.12,,1745209615,,,,,,,,,,,,2025-04-21 09:56:55.500
tf,NFO,79634,,,,,,,,1745209615,,,,,9543750,,,49.60,49.75,1650,75,2025-04-21 09:56:55.526
tf,NFO,79634,,,,,49.45,41.69,,1745209616,,,,,,,,,,,,2025-04-21 09:56:56.507
tf,NFO,79634,,,,,49.60,42.12,,1745209617,,,,,9546300,,,49.65,,225,1200,2025-04-21 09:56:57.159
tf,NFO,79634,,,,,49.85,42.84,,1745209617,,,,,,,,,,,,2025-04-21 09:56:57.509
tf,NFO,79634,,,,,49.50,41.83,,1745209618,,,,,,,,,,,,2025-04-21 09:56:58.635
tf,NFO,79634,,,,,,,,1745209619,,,,,9547125,,,49.50,49.65,1275,,2025-04-21 09:56:58.851
tf,NFO,79634,,,,,49.55,41.98,,1745209619,,,,,,,,,,,,2025-04-21 09:56:59.520
tf,NFO,79634,,,,,49.80,42.69,,1745209620,,,,,9549225,,,49.80,49.95,975,1650,2025-04-21 09:57:00.341
tf,NFO,79634,,,,,50.00,43.27,,1745209621,,,,,,,,,,,,2025-04-21 09:57:01.504
tf,NFO,79634,,,,,50.05,43.41,,1745209622,,,,,9552075,,,50.15,50.30,1350,375,2025-04-21 09:57:02.137
tf,NFO,79634,,,,,50.10,43.55,,1745209622,,,,,,,,,,,,2025-04-21 09:57:02.511
tf,NFO,79634,,,,,50.00,43.27,,1745209623,,,,,,,,,,,,2025-04-21 09:57:03.513
tf,NFO,79634,,,,,50.10,43.55,,1745209624,,,,43.36,9556575,,,49.95,50.10,750,2325,2025-04-21 09:57:03.773
tf,NFO,79634,,,,,49.90,42.98,,1745209624,,,,,,,,,,,,2025-04-21 09:57:04.594
tf,NFO,79634,,,,,50.00,43.27,,1745209625,,,,,9558450,,,49.85,50.00,375,2550,2025-04-21 09:57:05.357
tf,NFO,79634,,,,,50.05,43.41,,1745209625,,,,,,,,,,,,2025-04-21 09:57:05.577
tf,NFO,79634,,,,,50.10,43.55,,1745209626,,,,,,,,,,,,2025-04-21 09:57:06.522
tf,NFO,79634,,,,,49.80,42.69,,1745209627,,,,,9560475,,,49.65,49.80,1350,2850,2025-04-21 09:57:07.146
tf,NFO,79634,,,,,49.50,41.83,,1745209628,,,,,,,,,,,,2025-04-21 09:57:08.529
tf,NFO,79634,,,,,49.55,41.98,,1745209629,,,,,9563100,,,49.40,49.55,2400,900,2025-04-21 09:57:08.764
tf,NFO,79634,,,,,49.75,42.55,,1745209629,,,,,,,,,,,,2025-04-21 09:57:09.516
tf,NFO,79634,,,,,49.85,42.84,,1745209630,,,,,9565650,,,49.80,49.95,1725,975,2025-04-21 09:57:10.368
tf,NFO,79634,,,,,49.90,42.98,,1745209631,,,,,,,,,,,,2025-04-21 09:57:11.559
tf,NFO,79634,,,,,50.00,43.27,,1745209632,,,,43.37,9569625,,,49.95,50.05,300,225,2025-04-21 09:57:12.171
tf,NFO,79634,,,,,50.05,43.41,,1745209632,,,,,,,,,,,,2025-04-21 09:57:12.551
tf,NFO,79634,,,,,49.75,42.55,,1745209633,,,,,,,,,,,,2025-04-21 09:57:13.521
tf,NFO,79634,,,,,,,,1745209634,,,,,9572550,,,49.85,49.95,825,75,2025-04-21 09:57:13.768
tf,NFO,79634,,,,,49.95,43.12,,1745209634,,,,,,,,,,,,2025-04-21 09:57:14.528
tf,NFO,79634,,,,,50.35,44.27,,1745209635,,,,,9573825,,,50.25,50.40,1425,1650,2025-04-21 09:57:15.365
tf,NFO,79634,,,,,50.25,43.98,,1745209636,,,,,,,,,,,,2025-04-21 09:57:15.712
tf,NFO,79634,,,,,49.75,42.55,,1745209636,,,,,,,,,,,,2025-04-21 09:57:16.521
tf,NFO,79634,,,,,50.20,43.84,,1745209637,,,,,9575850,,,50.15,50.30,2250,675,2025-04-21 09:57:17.157
tf,NFO,79634,,,,,49.80,42.69,,1745209638,,,,,,,,,,,,2025-04-21 09:57:18.519
tf,NFO,79634,,,,,49.85,42.84,,1745209639,,,,,9579150,,,49.85,49.95,450,750,2025-04-21 09:57:18.881
tf,NFO,79634,,,,,50.00,43.27,,1745209640,,,,,9580725,,,49.95,50.10,1050,1500,2025-04-21 09:57:20.383
tf,NFO,79634,,,,,49.95,43.12,,1745209640,,,,,,,,,,,,2025-04-21 09:57:20.537
tf,NFO,79634,,,,,50.30,44.13,,1745209641,,,,,,,,,,,,2025-04-21 09:57:21.553
tf,NFO,79634,,,,,50.10,43.55,,1745209642,,,,43.38,9585075,,,,50.05,150,900,2025-04-21 09:57:22.166
tf,NFO,79634,,,,,50.15,43.70,,1745209642,,,,,,,,,,,,2025-04-21 09:57:22.526
tf,NFO,79634,,,,,50.05,43.41,,1745209643,,,,,,,,,,,,2025-04-21 09:57:23.528
tf,NFO,79634,,,,,50.00,43.27,,1745209644,,,,,9587250,,,50.00,50.15,1875,225,2025-04-21 09:57:23.776
tf,NFO,79634,,,,,50.35,44.27,,1745209644,,,,,,,,,,,,2025-04-21 09:57:24.594
tf,NFO,79634,,,,,49.95,43.12,,1745209645,,,,,9588825,,,49.75,49.85,600,675,2025-04-21 09:57:25.429
tf,NFO,79634,,,,,49.75,42.55,,1745209645,,,,,,,,,,,,2025-04-21 09:57:25.653
tf,NFO,79634,,,,,49.95,43.12,,1745209646,,,,,,,,,,,,2025-04-21 09:57:26.535
tf,NFO,79634,,,,,50.40,44.41,,1745209647,,,,,9591525,,,50.20,50.35,825,2475,2025-04-21 09:57:27.174
tf,NFO,79634,,,,,50.30,44.13,,1745209647,,,,,,,,,,,,2025-04-21 09:57:27.527
tf,NFO,79634,,,,,50.10,43.55,,1745209648,,,,,,,,,,,,2025-04-21 09:57:28.529
tf,NFO,79634,,,,,50.15,43.70,,1745209649,,,,,9592200,,,50.10,50.20,375,75,2025-04-21 09:57:28.777
tf,NFO,79634,,,,,50.20,43.84,,1745209649,,,,,,,,,,,,2025-04-21 09:57:29.541
tf,NFO,79634,,,,,,,,1745209650,,,,,9592875,,,50.05,,1125,525,2025-04-21 09:57:30.398
tf,NFO,79634,,,,,50.35,44.27,,1745209650,,,,,,,,,,,,2025-04-21 09:57:30.552
tf,NFO,79634,,,,,49.95,43.12,,1745209651,,,,,,,,,,,,2025-04-21 09:57:31.565
tf,NFO,79634,,,,,50.10,43.55,,1745209652,,,,43.39,9597000,,,49.95,50.10,975,1725,2025-04-21 09:57:32.241
tf,NFO,79634,,,,,49.85,42.84,,1745209652,,,,,,,,,,,,2025-04-21 09:57:32.617
tf,NFO,79634,,,,,49.75,42.55,,1745209653,,,,,,,,,,,,2025-04-21 09:57:33.528
tf,NFO,79634,,,,,49.95,43.12,,1745209654,,,,,9600225,,,49.80,49.95,600,1650,2025-04-21 09:57:33.788
tf,NFO,79634,,,,,50.00,43.27,,1745209654,,,,,,,,,,,,2025-04-21 09:57:34.537
tf,NFO,79634,,,,,49.90,42.98,,1745209655,,,,,9603300,,,50.05,50.20,1800,1875,2025-04-21 09:57:35.388
tf,NFO,79634,,,,,50.05,43.41,,1745209656,,,,,,,,,,,,2025-04-21 09:57:36.537
tf,NFO,79634,,,,,49.75,42.55,,1745209657,,,,,9606675,,,49.75,49.80,450,750,2025-04-21 09:57:37.007
tf,NFO,79634,,,,,49.85,42.84,,1745209657,,,,,,,,,,,,2025-04-21 09:57:37.547
tf,NFO,79634,,,,,50.30,44.13,,1745209658,,,,,,,,,,,,2025-04-21 09:57:38.560
tf,NFO,79634,,,,,50.35,44.27,,1745209658,,,,,9609525,,,50.20,50.35,1425,1050,2025-04-21 09:57:38.639
tf,NFO,79634,,,,,50.10,43.55,,1745209659,,,,,,,,,,,,2025-04-21 09:57:39.559
tf,NFO,79634,,,,,,,,1745209660,,,,43.40,9611700,,,50.10,50.25,1125,975,2025-04-21 09:57:40.391
tf,NFO,79634,,,,,,,,1745209660,,,,,,1362975,,,,,,2025-04-21 09:57:40.538
tf,NFO,79634,,,,,50.00,43.27,,1745209661,,,,,,,,,,,,2025-04-21 09:57:41.530
tf,NFO,79634,,,,,50.20,43.84,,1745209662,,,,,9612900,,,,,,1650,2025-04-21 09:57:42.012
tf,NFO,79634,,,,,50.70,45.27,,1745209662,,,,,,,,,,,,2025-04-21 09:57:42.552
tf,NFO,79634,,,,,50.60,44.99,,1745209663,,,,,,,,,,,,2025-04-21 09:57:43.546
tf,NFO,79634,,,,,,,,1745209663,,,,,9615000,,,50.55,50.70,75,2025,2025-04-21 09:57:43.603
tf,NFO,79634,,,,,51.00,46.13,,1745209664,,,,,,,,,,,,2025-04-21 09:57:44.570
tf,NFO,79634,,,,,50.90,45.85,,1745209665,,,,43.41,9624150,,,50.85,50.95,525,375,2025-04-21 09:57:45.489
tf,NFO,79634,,,,,50.85,45.70,,1745209665,,,,,,,,,,,,2025-04-21 09:57:45.546
tf,NFO,79634,,,,,51.55,47.71,,1745209666,,,,,,,,,,,,2025-04-21 09:57:46.545
tf,NFO,79634,,,,,51.65,47.99,,1745209667,,,,,9626625,,,51.60,51.70,900,150,2025-04-21 09:57:47.029
tf,NFO,79634,,,,,51.30,46.99,,1745209667,,,,,,,,,,,,2025-04-21 09:57:47.534
tf,NFO,79634,,,,,50.60,44.99,,1745209668,,,,,,,,,,,,2025-04-21 09:57:48.534
tf,NFO,79634,,,,,50.50,44.70,,1745209668,,,,,9631950,,,50.35,50.45,150,,2025-04-21 09:57:48.631
tf,NFO,79634,,,,,50.00,43.27,,1745209669,,,,,,,,,,,,2025-04-21 09:57:49.544
tf,NFO,79634,,,,,50.25,43.98,,1745209670,,,,43.42,9637575,,,50.15,50.25,975,75,2025-04-21 09:57:50.409
tf,NFO,79634,,,,,50.15,43.70,,1745209670,,,,,,,,,,,,2025-04-21 09:57:50.541
tf,NFO,79634,,,,,49.95,43.12,,1745209671,,,,,,,,,,,,2025-04-21 09:57:51.581
tf,NFO,79634,,,,,,,,1745209672,,,,,9641475,,,49.95,50.10,900,450,2025-04-21 09:57:52.073
tf,NFO,79634,,,,,50.10,43.55,,1745209672,,,,,,,,,,,,2025-04-21 09:57:52.703
tf,NFO,79634,,,,,49.75,42.55,,1745209673,,,,,,,,,,,,2025-04-21 09:57:53.893
tf,NFO,79634,,,,,,,,1745209673,,,,,9643500,,,49.65,49.80,1575,1275,2025-04-21 09:57:53.898
tf,NFO,79634,,,,,49.80,42.69,,1745209675,,,,,9648825,,,,49.75,375,300,2025-04-21 09:57:55.256
tf,NFO,79634,,,,,49.70,42.41,,1745209675,,,,,,,,,,,,2025-04-21 09:57:55.557
tf,NFO,79634,,,,,49.50,41.83,,1745209676,,,,,,,,,,,,2025-04-21 09:57:56.554
tf,NFO,79634,,,,,49.35,41.40,,1745209677,,,,43.43,9653850,,,49.20,49.30,150,1800,2025-04-21 09:57:57.043
tf,NFO,79634,,,,,49.05,40.54,,1745209678,,,,,,,,,,,,2025-04-21 09:57:57.817
tf,NFO,79634,,,,,49.00,40.40,,1745209678,,,,,,,,,,,,2025-04-21 09:57:58.664
tf,NFO,79634,,,,,48.95,40.26,,1745209678,,,,,9661050,,,49.00,49.10,75,675,2025-04-21 09:57:58.673
tf,NFO,79634,,,,,49.70,42.41,,1745209679,,,,,,,,,,,,2025-04-21 09:57:59.552
tf,NFO,79634,,,,,50.00,43.27,,1745209680,,,,,9663600,,,50.00,50.10,1200,225,2025-04-21 09:58:00.250
tf,NFO,79634,,,,,50.15,43.70,,1745209680,,,,,,,,,,,,2025-04-21 09:58:00.544
tf,NFO,79634,,,,,,,,1745209682,,,,,9668100,,,50.10,50.20,375,1500,2025-04-21 09:58:02.050
tf,NFO,79634,,,,,50.05,43.41,,1745209682,,,,,,,,,,,,2025-04-21 09:58:02.560
tf,NFO,79634,,,,,50.15,43.70,,1745209683,,,,43.44,9670950,,,,50.25,1125,1725,2025-04-21 09:58:03.657
tf,NFO,79634,,,,,50.35,44.27,,1745209684,,,,,,,,,,,,2025-04-21 09:58:04.561
tf,NFO,79634,,,,,50.05,43.41,,1745209685,,,,,9672825,,,49.90,50.05,1725,300,2025-04-21 09:58:05.253
tf,NFO,79634,,,,,49.95,43.12,,1745209685,,,,,,,,,,,,2025-04-21 09:58:05.856
tf,NFO,79634,,,,,50.10,43.55,,1745209686,,,,,,,,,,,,2025-04-21 09:58:06.563
tf,NFO,79634,,,,,50.05,43.41,,1745209687,,,,,9674775,,,50.00,,75,525,2025-04-21 09:58:06.841
tf,NFO,79634,,,,,50.20,43.84,,1745209687,,,,,,,,,,,,2025-04-21 09:58:07.568
tf,NFO,79634,,,,,50.45,44.56,,1745209688,,,,,,,,,,,,2025-04-21 09:58:08.552
tf,NFO,79634,,,,,,,,1745209688,,,,,9678375,,,50.40,50.60,1800,2700,2025-04-21 09:58:08.668
tf,NFO,79634,,,,,50.80,45.56,,1745209689,,,,,,,,,,,,2025-04-21 09:58:09.572
tf,NFO,79634,,,,,50.60,44.99,,1745209690,,,,,9681225,,,50.60,50.70,225,900,2025-04-21 09:58:10.277
tf,NFO,79634,,,,,50.75,45.42,,1745209690,,,,,,,,,,,,2025-04-21 09:58:10.553
tf,NFO,79634,,,,,51.10,46.42,,1745209691,,,,,,,,,,,,2025-04-21 09:58:11.566
tf,NFO,79634,,,,,,,,1745209692,,,,43.45,9686100,,,51.05,51.15,150,825,2025-04-21 09:58:11.948
tf,NFO,79634,,,,,51.00,46.13,,1745209692,,,,,,,,,,,,2025-04-21 09:58:12.592
tf,NFO,79634,,,,,50.95,45.99,,1745209693,,,,,,,,,,,,2025-04-21 09:58:13.555
tf,NFO,79634,,,,,,,,1745209694,,,,,9689625,,,50.85,51.00,900,1800,2025-04-21 09:58:13.680
tf,NFO,79634,,,,,50.80,45.56,,1745209695,,,,,9692400,,,,,525,1650,2025-04-21 09:58:15.273
tf,NFO,79634,,,,,50.85,45.70,,1745209696,,,,,,,,,,,,2025-04-21 09:58:16.560
tf,NFO,79634,,,,,50.90,45.85,,1745209697,,,,43.46,9695925,,,50.75,50.90,1200,1125,2025-04-21 09:58:16.875
tf,NFO,79634,,,,,50.85,45.70,,1745209697,,,,,,,,,,,,2025-04-21 09:58:18.332
tf,NFO,79634,,,,,50.70,45.27,,1745209698,,,,,9698175,,,50.60,50.75,825,1050,2025-04-21 09:58:18.527
tf,NFO,79634,,,,,50.65,45.13,,1745209698,,,,,,,,,,,,2025-04-21 09:58:18.568
tf,NFO,79634,,,,,50.50,44.70,,1745209700,,,,,9699525,,,50.50,50.65,1125,900,2025-04-21 09:58:20.063
tf,NFO,79634,,,,,50.65,45.13,,1745209700,,,,,,,,,,,,2025-04-21 09:58:20.551
tf,NFO,79634,,,,,,,,1745209702,,,,,9701175,,,,,525,1275,2025-04-21 09:58:21.661
tf,NFO,79634,,,,,50.60,44.99,,1745209702,,,,,,,,,,,,2025-04-21 09:58:22.559
tf,NFO,79634,,,,,50.40,44.41,,1745209703,,,,,9703050,,,50.25,50.40,,1200,2025-04-21 09:58:23.475
tf,NFO,79634,,,,,50.45,44.56,,1745209704,,,,,,,,,,,,2025-04-21 09:58:24.656
