t,e,tk,ts,pp,ls,ti,lp,pc,c,ft,o,h,l,ap,v,oi,poi,bp1,sp1,bq1,sq1,received_timestamp
tk,NFO,79555,NIFTY24APR25C24150,2,75,0.05,100.25,40.90,71.15,1745209403,95.00,108.45,72.00,90.25,13283850,1633950,427275,99.90,100.10,225,750,2025-04-21 09:53:24.035
tf,NFO,79555,,,,,99.40,39.70,,1745209404,,,,,,,,,,,,2025-04-21 09:53:24.270
tf,NFO,79555,,,,,99.35,39.63,,1745209404,,,,,13293300,,,99.15,99.40,600,1050,2025-04-21 09:53:24.501
tf,NFO,79555,,,,,99.15,39.35,,1745209405,,,,,,,,,,,,2025-04-21 09:53:25.276
tf,NFO,79555,,,,,98.65,38.65,,1745209406,,,,90.26,13303725,,,98.45,98.65,75,375,2025-04-21 09:53:26.113
tf,NFO,79555,,,,,98.40,38.30,,1745209406,,,,,,,,,,,,2025-04-21 09:53:26.272
tf,NFO,79555,,,,,98.80,38.86,,1745209407,,,,,,,,,,,,2025-04-21 09:53:27.271
tf,NFO,79555,,,,,98.00,37.74,,1745209408,,,,,13310175,,,97.85,98.10,825,1200,2025-04-21 09:53:27.911
tf,NFO,79555,,,,,97.80,37.46,,1745209408,,,,,,,,,,,,2025-04-21 09:53:28.271
tf,NFO,79555,,,,,98.30,38.16,,1745209409,,,,,,,,,,,,2025-04-21 09:53:29.363
tf,NFO,79555,,,,,97.95,37.67,,1745209409,,,,90.27,13320000,,,97.90,98.15,1275,450,2025-04-21 09:53:29.582
tf,NFO,79555,,,,,98.50,38.44,,1745209410,,,,,,,,,,,,2025-04-21 09:53:30.279
tf,NFO,79555,,,,,98.45,38.37,,1745209411,,,,,13327050,,,98.50,98.70,450,600,2025-04-21 09:53:31.120
tf,NFO,79555,,,,,98.75,38.79,,1745209411,,,,,,,,,,,,2025-04-21 09:53:31.272
tf,NFO,79555,,,,,99.00,39.14,,1745209412,,,,,,,,,,,,2025-04-21 09:53:32.301
tf,NFO,79555,,,,,97.90,37.60,,1745209413,,,,90.28,13331850,,,97.90,98.10,825,150,2025-04-21 09:53:32.916
tf,NFO,79555,,,,,97.95,37.67,,1745209413,,,,,,,,,,,,2025-04-21 09:53:33.375
tf,NFO,79555,,,,,98.65,38.65,,1745209414,,,,,,,,,,,,2025-04-21 09:53:34.279
tf,NFO,79555,,,,,98.85,38.93,,1745209414,,,,,13336425,,,98.85,99.05,75,450,2025-04-21 09:53:34.524
tf,NFO,79555,,,,,98.20,38.02,,1745209415,,,,,,,,,,,,2025-04-21 09:53:35.279
tf,NFO,79555,,,,,98.35,38.23,,1745209416,,,,,13340475,,,98.30,98.55,450,900,2025-04-21 09:53:36.120
tf,NFO,79555,,,,,98.65,38.65,,1745209417,,,,,,,,,,,,2025-04-21 09:53:37.276
tf,NFO,79555,,,,,98.70,38.72,,1745209418,,,,,13344300,,,98.50,98.75,975,675,2025-04-21 09:53:37.919
tf,NFO,79555,,,,,98.90,39.00,,1745209418,,,,,,,,,,,,2025-04-21 09:53:38.279
tf,NFO,79555,,,,,99.00,39.14,,1745209419,,,,,,,,,,,,2025-04-21 09:53:39.371
tf,NFO,79555,,,,,99.15,39.35,,1745209419,,,,90.29,13348575,,,99.10,99.30,450,450,2025-04-21 09:53:39.944
tf,NFO,79555,,,,,99.75,40.20,,1745209420,,,,,,,,,,,,2025-04-21 09:53:40.357
tf,NFO,79555,,,,,100.30,40.97,,1745209421,,,,,13355325,,,100.05,100.25,300,525,2025-04-21 09:53:41.128
tf,NFO,79555,,,,,100.35,41.04,,1745209421,,,,,,,,,,,,2025-04-21 09:53:41.288
tf,NFO,79555,,,,,99.45,39.78,,1745209422,,,,,,,,,,,,2025-04-21 09:53:42.281
tf,NFO,79555,,,,,99.60,39.99,,1745209423,,,,90.30,13364250,,,99.35,99.55,450,450,2025-04-21 09:53:42.926
tf,NFO,79555,,,,,98.80,38.86,,1745209423,,,,,,,,,,,,2025-04-21 09:53:43.279
tf,NFO,79555,,,,,99.25,39.49,,1745209424,,,,,,,,,,,,2025-04-21 09:53:44.287
tf,NFO,79555,,,,,,,,1745209424,,,,,13370925,,,,99.60,1050,1650,2025-04-21 09:53:44.535
tf,NFO,79555,,,,,99.00,39.14,,1745209425,,,,,,,,,,,,2025-04-21 09:53:45.291
tf,NFO,79555,,,,,98.55,38.51,,1745209426,,,,,13372350,,,98.55,98.80,600,2100,2025-04-21 09:53:46.184
tf,NFO,79555,,,,,99.10,39.28,,1745209427,,,,,,,,,,,,2025-04-21 09:53:47.286
tf,NFO,79555,,,,,,,,1745209428,,,,90.31,13376700,,,99.10,99.35,1425,1575,2025-04-21 09:53:47.938
tf,NFO,79555,,,,,99.25,39.49,,1745209428,,,,,,,,,,,,2025-04-21 09:53:48.290
tf,NFO,79555,,,,,99.30,39.56,,1745209429,,,,,,,,,,,,2025-04-21 09:53:49.292
tf,NFO,79555,,,,,99.20,39.42,,1745209429,,,,,13380000,,,99.35,99.55,75,375,2025-04-21 09:53:49.538
tf,NFO,79555,,,,,98.90,39.00,,1745209430,,,,,,,,,,,,2025-04-21 09:53:50.290
tf,NFO,79555,,,,,99.60,39.99,,1745209431,,,,,13382700,,,99.65,99.75,,150,2025-04-21 09:53:51.144
tf,NFO,79555,,,,,99.40,39.70,,1745209431,,,,,,,,,,,,2025-04-21 09:53:51.320
tf,NFO,79555,,,,,99.35,39.63,,1745209432,,,,,,,,,,,,2025-04-21 09:53:52.412
tf,NFO,79555,,,,,98.95,39.07,,1745209433,,,,,13386975,,,98.90,99.15,300,2025,2025-04-21 09:53:53.035
tf,NFO,79555,,,,,98.75,38.79,,1745209433,,,,,,,,,,,,2025-04-21 09:53:53.292
tf,NFO,79555,,,,,99.05,39.21,,1745209434,,,,,,,,,,,,2025-04-21 09:53:54.331
tf,NFO,79555,,,,,98.90,39.00,,1745209434,,,,90.32,13391775,,,98.70,98.95,375,825,2025-04-21 09:53:54.612
tf,NFO,79555,,,,,98.25,38.09,,1745209435,,,,,,,,,,,,2025-04-21 09:53:55.353
tf,NFO,79555,,,,,99.25,39.49,,1745209436,,,,,13394325,,,99.05,99.30,450,1425,2025-04-21 09:53:56.164
tf,NFO,79555,,,,,99.10,39.28,,1745209436,,,,,,,,,,,,2025-04-21 09:53:56.522
tf,NFO,79555,,,,,98.65,38.65,,1745209437,,,,,,,,,,,,2025-04-21 09:53:57.294
tf,NFO,79555,,,,,98.30,38.16,,1745209438,,,,,13400325,,,98.30,98.45,600,75,2025-04-21 09:53:57.950
tf,NFO,79555,,,,,98.45,38.37,,1745209438,,,,,,,,,,,,2025-04-21 09:53:58.290
tf,NFO,79555,,,,,98.55,38.51,,1745209439,,,,,,,,,,,,2025-04-21 09:53:59.310
tf,NFO,79555,,,,,98.85,38.93,,1745209439,,,,,13401675,,,98.70,98.95,975,1050,2025-04-21 09:53:59.628
tf,NFO,79555,,,,,98.90,39.00,,1745209440,,,,,,,,,,,,2025-04-21 09:54:00.392
tf,NFO,79555,,,,,98.50,38.44,,1745209441,,,,,13403625,,,98.50,98.65,75,525,2025-04-21 09:54:01.224
tf,NFO,79555,,,,,98.70,38.72,,1745209441,,,,,,,,,,,,2025-04-21 09:54:01.450
tf,NFO,79555,,,,,98.80,38.86,,1745209442,,,,,,,,,,,,2025-04-21 09:54:02.305
tf,NFO,79555,,,,,98.75,38.79,,1745209443,,,,90.33,13411200,,,98.85,99.10,450,1050,2025-04-21 09:54:02.957
tf,NFO,79555,,,,,98.30,38.16,,1745209444,,,,,,,,,,,,2025-04-21 09:54:04.304
tf,NFO,79555,,,,,,,,1745209444,,,,,13418550,,,98.60,98.85,1200,1125,2025-04-21 09:54:04.585
tf,NFO,79555,,,,,97.80,37.46,,1745209446,,,,90.34,13423950,,,97.75,97.95,150,600,2025-04-21 09:54:06.163
tf,NFO,79555,,,,,98.35,38.23,,1745209447,,,,,,,,,,,,2025-04-21 09:54:07.297
tf,NFO,79555,,,,,98.80,38.86,,1745209448,,,,,13428075,,,98.70,98.90,225,,2025-04-21 09:54:07.776
tf,NFO,79555,,,,,98.55,38.51,,1745209448,,,,,,,,,,,,2025-04-21 09:54:08.299
tf,NFO,79555,,,,,,,,1745209449,,,,,13434000,,,98.30,98.50,825,75,2025-04-21 09:54:09.368
tf,NFO,79555,,,,,98.25,38.09,,1745209450,,,,,,,,,,,,2025-04-21 09:54:10.301
tf,NFO,79555,,,,,98.20,38.02,,1745209451,,,,,13435950,,,98.10,98.25,1350,,2025-04-21 09:54:11.171
tf,NFO,79555,,,,,98.30,38.16,,1745209452,,,,,,,,,,,,2025-04-21 09:54:12.308
tf,NFO,79555,,,,,97.90,37.60,,1745209453,,,,,13437975,,,97.80,98.00,225,750,2025-04-21 09:54:12.927
tf,NFO,79555,,,,,97.85,37.53,,1745209453,,,,,,,,,,,,2025-04-21 09:54:13.301
tf,NFO,79555,,,,,97.95,37.67,,1745209454,,,,,,,,,,,,2025-04-21 09:54:14.338
tf,NFO,79555,,,,,,,,1745209454,,,,90.35,13442625,,,97.75,97.95,375,225,2025-04-21 09:54:14.456
tf,NFO,79555,,,,,97.90,37.60,,1745209455,,,,,,,,,,,,2025-04-21 09:54:15.304
tf,NFO,79555,,,,,98.85,38.93,,1745209456,,,,,13447350,,,98.60,98.85,1350,600,2025-04-21 09:54:16.208
tf,NFO,79555,,,,,98.75,38.79,,1745209457,,,,,,,,,,,,2025-04-21 09:54:17.420
tf,NFO,79555,,,,,98.20,38.02,,1745209458,,,,,13448400,,,98.30,98.55,1125,975,2025-04-21 09:54:17.781
tf,NFO,79555,,,,,98.55,38.51,,1745209458,,,,,,,,,,,,2025-04-21 09:54:18.360
tf,NFO,79555,,,,,99.20,39.42,,1745209459,,,,,,,,,,,,2025-04-21 09:54:20.057
tf,NFO,79555,,,,,99.60,39.99,,1745209459,,,,,13450650,,,99.55,99.80,1500,300,2025-04-21 09:54:20.064
tf,NFO,79555,,,,,100.00,40.55,,1745209460,,,,,,,,,,,,2025-04-21 09:54:20.348
tf,NFO,79555,,,,,99.60,39.99,,1745209461,,,,90.36,13464900,,,99.30,99.55,2025,600,2025-04-21 09:54:21.133
tf,NFO,79555,,,,,99.75,40.20,,1745209461,,,,,,,,,,,,2025-04-21 09:54:21.388
tf,NFO,79555,,,,,100.00,40.55,,1745209462,,,,,,,,,,,,2025-04-21 09:54:22.479
tf,NFO,79555,,,,,99.40,39.70,,1745209463,,,,90.37,13472550,,,99.40,,150,150,2025-04-21 09:54:22.787
tf,NFO,79555,,,,,99.85,40.34,,1745209463,,,,,,,,,,,,2025-04-21 09:54:23.302
tf,NFO,79555,,,,,99.60,39.99,,1745209464,,,,,,,,,,,,2025-04-21 09:54:24.308
tf,NFO,79555,,,,,99.70,40.13,,1745209464,,,,,13478025,,,,99.60,900,450,2025-04-21 09:54:24.437
tf,NFO,79555,,,,,99.40,39.70,,1745209465,,,,,,,,,,,,2025-04-21 09:54:25.430
tf,NFO,79555,,,,,99.30,39.56,,1745209466,,,,,13480125,,,99.10,99.30,1575,75,2025-04-21 09:54:26.038
tf,NFO,79555,,,,,99.25,39.49,,1745209466,,,,,,,,,,,,2025-04-21 09:54:26.406
tf,NFO,79555,,,,,99.60,39.99,,1745209467,,,,,,,,,,,,2025-04-21 09:54:27.341
tf,NFO,79555,,,,,99.00,39.14,,1745209468,,,,,13483800,,,98.80,98.95,75,825,2025-04-21 09:54:27.793
tf,NFO,79555,,,,,98.80,38.86,,1745209468,,,,,,,,,,,,2025-04-21 09:54:28.364
tf,NFO,79555,,,,,99.40,39.70,,1745209469,,,,,,,,,,,,2025-04-21 09:54:29.311
tf,NFO,79555,,,,,,,,1745209469,,,,90.38,13488150,,,99.80,100.00,150,2625,2025-04-21 09:54:29.399
tf,NFO,79555,,,,,98.90,39.00,,1745209470,,,,,,,,,,,,2025-04-21 09:54:30.481
tf,NFO,79555,,,,,99.10,39.28,,1745209471,,,,,13490550,,,99.00,99.20,1050,1575,2025-04-21 09:54:31.018
tf,NFO,79555,,,,,99.15,39.35,,1745209471,,,,,,,,,,,,2025-04-21 09:54:31.314
tf,NFO,79555,,,,,99.05,39.21,,1745209472,,,,,,,,,,,,2025-04-21 09:54:32.397
tf,NFO,79555,,,,,99.15,39.35,,1745209472,,,,,13496100,,,98.85,99.10,600,1125,2025-04-21 09:54:32.781
tf,NFO,79555,,,,,98.70,38.72,,1745209473,,,,,,,,,,,,2025-04-21 09:54:33.436
tf,NFO,79555,,,,,99.30,39.56,,1745209474,,,,90.39,13501575,,,99.25,99.50,375,1200,2025-04-21 09:54:34.232
tf,NFO,79555,,,,,99.55,39.92,,1745209474,,,,,,,,,,,,2025-04-21 09:54:34.390
tf,NFO,79555,,,,,99.05,39.21,,1745209475,,,,,,,,,,,,2025-04-21 09:54:35.428
tf,NFO,79555,,,,,98.75,38.79,,1745209476,,,,,13507050,,,98.80,99.05,1275,600,2025-04-21 09:54:36.009
tf,NFO,79555,,,,,99.45,39.78,,1745209476,,,,,,,,,,,,2025-04-21 09:54:36.318
tf,NFO,79555,,,,,99.60,39.99,,1745209477,,,,,,,,,,,,2025-04-21 09:54:37.315
tf,NFO,79555,,,,,99.45,39.78,,1745209477,,,,,13514250,,,99.40,99.65,2175,900,2025-04-21 09:54:37.652
tf,NFO,79555,,,,,99.20,39.42,,1745209478,,,,,,1767225,,,,,,2025-04-21 09:54:38.348
tf,NFO,79555,,,,,99.25,39.49,,1745209479,,,,90.40,13518975,,,99.30,99.35,225,75,2025-04-21 09:54:39.342
tf,NFO,79555,,,,,99.35,39.63,,1745209479,,,,,,,,,,,,2025-04-21 09:54:39.347
tf,NFO,79555,,,,,99.50,39.85,,1745209480,,,,,,,,,,,,2025-04-21 09:54:40.323
tf,NFO,79555,,,,,99.85,40.34,,1745209481,,,,,13521300,,,99.65,99.75,,1425,2025-04-21 09:54:40.816
tf,NFO,79555,,,,,99.25,39.49,,1745209481,,,,,,,,,,,,2025-04-21 09:54:41.318
tf,NFO,79555,,,,,99.30,39.56,,1745209482,,,,,,,,,,,,2025-04-21 09:54:42.320
tf,NFO,79555,,,,,99.70,40.13,,1745209482,,,,,13525200,,,99.55,99.80,525,1275,2025-04-21 09:54:42.618
tf,NFO,79555,,,,,99.20,39.42,,1745209483,,,,,,,,,,,,2025-04-21 09:54:43.332
tf,NFO,79555,,,,,99.10,39.28,,1745209484,,,,,13529250,,,99.00,99.20,,525,2025-04-21 09:54:44.223
tf,NFO,79555,,,,,99.20,39.42,,1745209484,,,,,,,,,,,,2025-04-21 09:54:44.319
tf,NFO,79555,,,,,99.45,39.78,,1745209485,,,,,,,,,,,,2025-04-21 09:54:45.451
tf,NFO,79555,,,,,99.75,40.20,,1745209486,,,,90.41,13531950,,,99.50,99.75,1725,750,2025-04-21 09:54:45.846
tf,NFO,79555,,,,,99.50,39.85,,1745209486,,,,,,,,,,,,2025-04-21 09:54:46.319
tf,NFO,79555,,,,,99.90,40.41,,1745209487,,,,,,,,,,,,2025-04-21 09:54:47.360
tf,NFO,79555,,,,,99.45,39.78,,1745209487,,,,,13535625,,,99.40,99.60,525,75,2025-04-21 09:54:47.661
tf,NFO,79555,,,,,99.70,40.13,,1745209488,,,,,,,,,,,,2025-04-21 09:54:48.389
tf,NFO,79555,,,,,,,,1745209489,,,,,13543500,,,,99.70,1425,1500,2025-04-21 09:54:49.228
tf,NFO,79555,,,,,99.85,40.34,,1745209489,,,,,,,,,,,,2025-04-21 09:54:49.322
tf,NFO,79555,,,,,99.55,39.92,,1745209490,,,,,,,,,,,,2025-04-21 09:54:50.321
tf,NFO,79555,,,,,99.95,40.48,,1745209491,,,,90.42,13552275,,,99.60,99.85,,900,2025-04-21 09:54:50.838
tf,NFO,79555,,,,,99.80,40.27,,1745209491,,,,,,,,,,,,2025-04-21 09:54:51.322
tf,NFO,79555,,,,,100.60,41.39,,1745209493,,,,,13557525,,,100.35,100.60,750,225,2025-04-21 09:54:52.646
tf,NFO,79555,,,,,100.50,41.25,,1745209493,,,,,,,,,,,,2025-04-21 09:54:53.439
tf,NFO,79555,,,,,100.80,41.67,,1745209494,,,,90.44,13577700,,,100.55,100.80,600,825,2025-04-21 09:54:54.238
tf,NFO,79555,,,,,100.55,41.32,,1745209495,,,,,,,,,,,,2025-04-21 09:54:55.326
tf,NFO,79555,,,,,100.60,41.39,,1745209496,,,,90.45,13587300,,,100.25,100.50,1575,1275,2025-04-21 09:54:55.841
tf,NFO,79555,,,,,100.40,41.11,,1745209496,,,,,,,,,,,,2025-04-21 09:54:56.329
tf,NFO,79555,,,,,99.80,40.27,,1745209497,,,,,,,,,,,,2025-04-21 09:54:57.373
tf,NFO,79555,,,,,100.30,40.97,,1745209498,,,,90.46,13601625,,,99.95,100.20,675,600,2025-04-21 09:54:57.693
tf,NFO,79555,,,,,100.70,41.53,,1745209498,,,,,,,,,,,,2025-04-21 09:54:58.580
tf,NFO,79555,,,,,100.75,41.60,,1745209499,,,,90.47,13613325,,,100.65,100.90,525,1725,2025-04-21 09:54:59.436
tf,NFO,79555,,,,,100.60,41.39,,1745209499,,,,,,,,,,,,2025-04-21 09:54:59.443
tf,NFO,79555,,,,,100.85,41.74,,1745209500,,,,,,,,,,,,2025-04-21 09:55:00.326
tf,NFO,79555,,,,,100.55,41.32,,1745209501,,,,90.48,13627050,,,100.45,100.70,1200,975,2025-04-21 09:55:00.846
tf,NFO,79555,,,,,100.15,40.76,,1745209501,,,,,,,,,,,,2025-04-21 09:55:01.327
tf,NFO,79555,,,,,99.95,40.48,,1745209502,,,,,,,,,,,,2025-04-21 09:55:02.327
tf,NFO,79555,,,,,99.90,40.41,,1745209503,,,,,13638450,,,99.80,100.00,375,300,2025-04-21 09:55:02.645
tf,NFO,79555,,,,,100.00,40.55,,1745209503,,,,,,,,,,,,2025-04-21 09:55:03.345
tf,NFO,79555,,,,,99.60,39.99,,1745209504,,,,90.49,13643550,,,,,150,600,2025-04-21 09:55:04.251
tf,NFO,79555,,,,,100.15,40.76,,1745209504,,,,,,,,,,,,2025-04-21 09:55:04.329
tf,NFO,79555,,,,,100.75,41.60,,1745209505,,,,,,,,,,,,2025-04-21 09:55:05.335
tf,NFO,79555,,,,,,,,1745209506,,,,,13650675,,,100.40,100.60,75,1575,2025-04-21 09:55:05.945
tf,NFO,79555,,,,,100.40,41.11,,1745209506,,,,,,,,,,,,2025-04-21 09:55:06.341
tf,NFO,79555,,,,,100.65,41.46,,1745209507,,,,,,,,,,,,2025-04-21 09:55:07.401
tf,NFO,79555,,,,,100.90,41.81,,1745209508,,,,90.50,13654275,,,100.65,100.90,1125,600,2025-04-21 09:55:07.775
tf,NFO,79555,,,,,101.35,42.45,,1745209508,,,,,,,,,,,,2025-04-21 09:55:08.496
tf,NFO,79555,,,,,100.60,41.39,,1745209509,,,,,13662375,,,100.45,100.70,825,1125,2025-04-21 09:55:09.256
tf,NFO,79555,,,,,101.25,42.30,,1745209510,,,,,,,,,,,,2025-04-21 09:55:10.335
tf,NFO,79555,,,,,101.00,41.95,,1745209511,,,,90.51,13671300,,,100.80,101.05,525,1050,2025-04-21 09:55:10.872
tf,NFO,79555,,,,,102.00,43.36,,1745209511,,,,,,,,,,,,2025-04-21 09:55:11.343
tf,NFO,79555,,,,,101.30,42.38,,1745209512,,,,,,,,,,,,2025-04-21 09:55:12.527
tf,NFO,79555,,,,,101.45,42.59,,1745209513,,,,90.52,13687350,,,101.20,101.45,750,1500,2025-04-21 09:55:12.729
tf,NFO,79555,,,,,101.25,42.30,,1745209513,,,,,,,,,,,,2025-04-21 09:55:13.357
tf,NFO,79555,,,,,101.40,42.52,,1745209514,,,,90.53,13700550,,,101.40,101.65,1800,150,2025-04-21 09:55:14.266
tf,NFO,79555,,,,,101.70,42.94,,1745209514,,,,,,,,,,,,2025-04-21 09:55:14.350
tf,NFO,79555,,,,,102.20,43.64,,1745209515,,,,,,,,,,,,2025-04-21 09:55:15.335
tf,NFO,79555,,,,,102.85,44.55,,1745209516,,,,90.56,13729800,,,102.65,102.90,825,900,2025-04-21 09:55:15.869
tf,NFO,79555,,,,,102.60,44.20,,1745209516,,,,,,,,,,,,2025-04-21 09:55:16.336
tf,NFO,79555,,,,,106.45,49.61,,1745209517,,,,,,,,,,,,2025-04-21 09:55:17.334
tf,NFO,79555,,,,,106.85,50.18,,1745209518,,,,90.65,13813800,,,106.55,106.85,300,375,2025-04-21 09:55:17.675
tf,NFO,79555,,,,,107.25,50.74,,1745209518,,,,,,,,,,,,2025-04-21 09:55:18.431
tf,NFO,79555,,,,,106.85,50.18,,1745209519,,,,90.68,13843425,,,106.80,106.95,150,75,2025-04-21 09:55:19.278
tf,NFO,79555,,,,,106.70,49.96,,1745209519,,,,,,,,,,,,2025-04-21 09:55:19.452
tf,NFO,79555,,,,,106.10,49.12,,1745209520,,,,,,,,,,,,2025-04-21 09:55:20.537
tf,NFO,79555,,,,,107.45,51.02,,1745209521,,,,90.73,13886175,,,107.20,107.40,,,2025-04-21 09:55:20.877
tf,NFO,79555,,,,,107.85,51.58,,1745209521,,,,,,,,,,,,2025-04-21 09:55:21.339
tf,NFO,79555,,,,,108.05,51.86,,1745209522,,,,,,,,,,,,2025-04-21 09:55:22.343
tf,NFO,79555,,,,,109.75,54.25,,1745209523,,109.90,,90.81,13948875,,,109.80,109.90,375,450,2025-04-21 09:55:22.678
tf,NFO,79555,,,,,109.00,53.20,,1745209523,,,,,,,,,,,,2025-04-21 09:55:23.347
tf,NFO,79555,,,,,109.60,54.04,,1745209524,,110.00,,90.87,13997850,,,109.60,109.80,225,300,2025-04-21 09:55:24.283
tf,NFO,79555,,,,,109.45,53.83,,1745209524,,,,,,,,,,,,2025-04-21 09:55:24.550
tf,NFO,79555,,,,,108.50,52.49,,1745209525,,,,,,,,,,,,2025-04-21 09:55:25.344
tf,NFO,79555,,,,,108.55,52.57,,1745209526,,,,90.91,14023350,,,108.55,108.80,300,675,2025-04-21 09:55:26.043
tf,NFO,79555,,,,,108.65,52.71,,1745209526,,,,,,,,,,,,2025-04-21 09:55:26.412
tf,NFO,79555,,,,,110.15,54.81,,1745209527,,,,,,,,,,,,2025-04-21 09:55:27.368
tf,NFO,79555,,,,,109.55,53.97,,1745209528,,110.95,,90.98,14081700,,,109.60,109.85,675,75,2025-04-21 09:55:27.688
tf,NFO,79555,,,,,110.00,54.60,,1745209528,,,,,,,,,,,,2025-04-21 09:55:28.349
tf,NFO,79555,,,,,109.45,53.83,,1745209529,,,,91.02,14109675,,,109.20,109.50,1350,1200,2025-04-21 09:55:29.292
tf,NFO,79555,,,,,109.20,53.48,,1745209529,,,,,,,,,,,,2025-04-21 09:55:29.346
tf,NFO,79555,,,,,109.00,53.20,,1745209530,,,,,,,,,,,,2025-04-21 09:55:30.351
tf,NFO,79555,,,,,109.65,54.11,,1745209531,,,,91.07,14147625,,,109.65,109.85,450,150,2025-04-21 09:55:30.900
tf,NFO,79555,,,,,109.80,54.32,,1745209531,,,,,,,,,,,,2025-04-21 09:55:31.351
tf,NFO,79555,,,,,109.90,54.46,,1745209532,,,,,,,,,,,,2025-04-21 09:55:32.627
tf,NFO,79555,,,,,,,,1745209533,,,,91.10,14173200,,,,109.90,,750,2025-04-21 09:55:32.864
tf,NFO,79555,,,,,110.20,54.88,,1745209533,,,,,,,,,,,,2025-04-21 09:55:33.350
tf,NFO,79555,,,,,109.40,53.76,,1745209534,,,,91.13,14196525,,,109.15,109.45,975,1500,2025-04-21 09:55:34.302
tf,NFO,79555,,,,,109.45,53.83,,1745209534,,,,,,,,,,,,2025-04-21 09:55:34.350
tf,NFO,79555,,,,,108.55,52.57,,1745209535,,,,,,,,,,,,2025-04-21 09:55:35.355
tf,NFO,79555,,,,,107.50,51.09,,1745209536,,,,91.16,14218425,,,107.55,107.80,600,300,2025-04-21 09:55:35.906
tf,NFO,79555,,,,,107.85,51.58,,1745209536,,,,,,,,,,,,2025-04-21 09:55:36.350
tf,NFO,79555,,,,,108.55,52.57,,1745209537,,,,,,,,,,,,2025-04-21 09:55:37.355
tf,NFO,79555,,,,,108.80,52.92,,1745209537,,,,91.18,14231100,,,108.90,109.15,750,450,2025-04-21 09:55:37.505
tf,NFO,79555,,,,,109.05,53.27,,1745209538,,,,,,,,,,,,2025-04-21 09:55:38.360
tf,NFO,79555,,,,,108.50,52.49,,1745209539,,,,91.20,14248500,,,108.55,108.80,375,900,2025-04-21 09:55:39.533
tf,NFO,79555,,,,,108.65,52.71,,1745209539,,,,,,,,,,,,2025-04-21 09:55:39.540
tf,NFO,79555,,,,,109.20,53.48,,1745209540,,,,,,,,,,,,2025-04-21 09:55:40.374
tf,NFO,79555,,,,,109.25,53.55,,1745209541,,,,91.21,14258025,,,109.25,109.50,525,675,2025-04-21 09:55:40.999
tf,NFO,79555,,,,,109.60,54.04,,1745209542,,,,,,,,,,,,2025-04-21 09:55:42.354
tf,NFO,79555,,,,,109.65,54.11,,1745209542,,,,91.23,14270100,,,109.45,109.70,1050,600,2025-04-21 09:55:42.512
tf,NFO,79555,,,,,109.95,54.53,,1745209543,,,,,,,,,,,,2025-04-21 09:55:43.361
tf,NFO,79555,,,,,110.90,55.87,,1745209544,,111.25,,91.25,14291625,,,110.75,111.00,75,750,2025-04-21 09:55:44.315
tf,NFO,79555,,,,,109.15,53.41,,1745209545,,,,,,,,,,,,2025-04-21 09:55:45.417
tf,NFO,79555,,,,,108.75,52.85,,1745209546,,,,91.28,14315475,,,108.65,108.90,600,375,2025-04-21 09:55:45.917
tf,NFO,79555,,,,,109.15,53.41,,1745209546,,,,,,,,,,,,2025-04-21 09:55:46.356
tf,NFO,79555,,,,,108.60,52.64,,1745209547,,,,,,,,,,,,2025-04-21 09:55:47.359
tf,NFO,79555,,,,,109.10,53.34,,1745209547,,,,91.30,14331150,,,109.00,109.25,1125,450,2025-04-21 09:55:47.521
tf,NFO,79555,,,,,108.90,53.06,,1745209548,,,,,,,,,,,,2025-04-21 09:55:48.361
tf,NFO,79555,,,,,109.20,53.48,,1745209549,,,,91.33,14353125,,,108.95,109.20,675,600,2025-04-21 09:55:49.326
tf,NFO,79555,,,,,109.15,53.41,,1745209549,,,,,,,,,,,,2025-04-21 09:55:49.358
tf,NFO,79555,,,,,109.35,53.69,,1745209550,,,,,,,,,,,,2025-04-21 09:55:50.359
tf,NFO,79555,,,,,109.80,54.32,,1745209551,,,,91.35,14365650,,,109.55,109.80,75,1725,2025-04-21 09:55:50.928
tf,NFO,79555,,,,,109.35,53.69,,1745209551,,,,,,,,,,,,2025-04-21 09:55:51.374
tf,NFO,79555,,,,,109.20,53.48,,1745209552,,,,,,,,,,,,2025-04-21 09:55:52.427
tf,NFO,79555,,,,,108.35,52.28,,1745209552,,,,91.37,14380650,,,108.15,108.40,,825,2025-04-21 09:55:52.631
tf,NFO,79555,,,,,107.00,50.39,,1745209553,,,,,,,,,,,,2025-04-21 09:55:53.364
tf,NFO,79555,,,,,106.65,49.89,,1745209554,,,,91.41,14416575,,,106.60,106.85,750,375,2025-04-21 09:55:54.332
tf,NFO,79555,,,,,106.40,49.54,,1745209554,,,,,,,,,,,,2025-04-21 09:55:54.370
tf,NFO,79555,,,,,107.85,51.58,,1745209555,,,,,,,,,,,,2025-04-21 09:55:55.371
tf,NFO,79555,,,,,106.85,50.18,,1745209556,,,,91.42,14430225,,,106.75,107.00,225,1650,2025-04-21 09:55:55.935
tf,NFO,79555,,,,,106.45,49.61,,1745209556,,,,,,,,,,,,2025-04-21 09:55:56.369
tf,NFO,79555,,,,,106.65,49.89,,1745209557,,,,,,,,,,,,2025-04-21 09:55:57.368
tf,NFO,79555,,,,,,,,1745209557,,,,91.43,14439525,,,106.70,106.95,150,1125,2025-04-21 09:55:57.537
tf,NFO,79555,,,,,105.30,48.00,,1745209558,,,,,,,,,,,,2025-04-21 09:55:58.446
tf,NFO,79555,,,,,103.85,45.96,,1745209559,,,,91.49,14500875,,,103.65,103.85,450,225,2025-04-21 09:55:59.388
tf,NFO,79555,,,,,103.75,45.82,,1745209559,,,,,,,,,,,,2025-04-21 09:55:59.593
tf,NFO,79555,,,,,102.35,43.85,,1745209560,,,,,,,,,,,,2025-04-21 09:56:00.366
tf,NFO,79555,,,,,103.50,45.47,,1745209561,,,,91.52,14540700,,,103.50,103.70,300,975,2025-04-21 09:56:00.941
tf,NFO,79555,,,,,104.25,46.52,,1745209561,,,,,,,,,,,,2025-04-21 09:56:01.367
tf,NFO,79555,,,,,103.35,45.26,,1745209562,,,,91.53,14559300,,,103.30,103.60,675,2250,2025-04-21 09:56:02.545
tf,NFO,79555,,,,,103.80,45.89,,1745209563,,,,,,,,,,,,2025-04-21 09:56:03.365
tf,NFO,79555,,,,,102.35,43.85,,1745209564,,,,91.54,14571450,,,102.35,102.65,975,1875,2025-04-21 09:56:04.345
tf,NFO,79555,,,,,102.60,44.20,,1745209564,,,,,,,,,,,,2025-04-21 09:56:04.378
tf,NFO,79555,,,,,103.50,45.47,,1745209565,,,,,,,,,,,,2025-04-21 09:56:05.366
tf,NFO,79555,,,,,103.60,45.61,,1745209566,,,,91.55,14579925,,,103.10,103.35,300,750,2025-04-21 09:56:05.972
tf,NFO,79555,,,,,103.15,44.98,,1745209566,,,,,,,,,,,,2025-04-21 09:56:06.366
tf,NFO,79555,,,,,103.75,45.82,,1745209567,,,,,,,,,,,,2025-04-21 09:56:07.370
tf,NFO,79555,,,,,103.55,45.54,,1745209567,,,,91.56,14593050,,,103.65,103.95,675,825,2025-04-21 09:56:07.553
tf,NFO,79555,,,,,104.90,47.43,,1745209568,,,,,,,,,,,,2025-04-21 09:56:08.368
tf,NFO,79555,,,,,105.90,48.84,,1745209569,,,,91.59,14620950,,,105.75,105.90,825,975,2025-04-21 09:56:09.353
tf,NFO,79555,,,,,105.75,48.63,,1745209570,,,,,,,,,,,,2025-04-21 09:56:10.373
tf,NFO,79555,,,,,,,,1745209571,,,,91.60,14631750,,,105.50,105.75,1425,900,2025-04-21 09:56:10.954
tf,NFO,79555,,,,,105.90,48.84,,1745209571,,,,,,,,,,,,2025-04-21 09:56:11.374
tf,NFO,79555,,,,,105.85,48.77,,1745209572,,,,91.61,14644050,,,105.65,105.90,300,750,2025-04-21 09:56:12.560
tf,NFO,79555,,,,,105.70,48.56,,1745209573,,,,,,,,,,,,2025-04-21 09:56:13.374
tf,NFO,79555,,,,,106.10,49.12,,1745209574,,,,91.62,14650875,,,105.85,106.10,600,1575,2025-04-21 09:56:14.359
tf,NFO,79555,,,,,106.15,49.19,,1745209574,,,,,,,,,,,,2025-04-21 09:56:14.377
tf,NFO,79555,,,,,106.00,48.98,,1745209575,,,,,,,,,,,,2025-04-21 09:56:15.378
tf,NFO,79555,,,,,105.55,48.35,,1745209576,,,,91.64,14671575,,,105.55,105.80,450,450,2025-04-21 09:56:15.964
tf,NFO,79555,,,,,105.50,48.28,,1745209576,,,,,,,,,,,,2025-04-21 09:56:16.377
tf,NFO,79555,,,,,105.40,48.14,,1745209577,,,,,,,,,,,,2025-04-21 09:56:17.379
tf,NFO,79555,,,,,105.60,48.42,,1745209577,,,,91.65,14684700,,,105.30,105.55,1875,1275,2025-04-21 09:56:17.564
tf,NFO,79555,,,,,106.00,48.98,,1745209578,,,,,,,,,,,,2025-04-21 09:56:18.393
tf,NFO,79555,,,,,104.90,47.43,,1745209579,,,,91.66,14695875,,,104.90,105.05,150,300,2025-04-21 09:56:19.460
tf,NFO,79555,,,,,105.70,48.56,,1745209580,,,,,,,,,,,,2025-04-21 09:56:20.379
tf,NFO,79555,,,,,104.75,47.22,,1745209581,,,,91.67,14702475,,,104.85,105.10,450,75,2025-04-21 09:56:20.968
tf,NFO,79555,,,,,105.10,47.72,,1745209581,,,,,,,,,,,,2025-04-21 09:56:21.382
tf,NFO,79555,,,,,104.25,46.52,,1745209582,,,,,,,,,,,,2025-04-21 09:56:22.381
tf,NFO,79555,,,,,104.00,46.17,,1745209582,,,,,14709000,,,104.10,104.35,375,1050,2025-04-21 09:56:22.572
tf,NFO,79555,,,,,103.90,46.03,,1745209583,,,,,,,,,,,,2025-04-21 09:56:23.378
tf,NFO,79555,,,,,103.55,45.54,,1745209584,,,,91.68,14719650,,,103.45,103.70,825,600,2025-04-21 09:56:24.375
tf,NFO,79555,,,,,103.40,45.33,,1745209585,,,,,,,,,,,,2025-04-21 09:56:25.404
tf,NFO,79555,,,,,103.45,45.40,,1745209586,,,,91.69,14735025,,,103.15,103.35,600,375,2025-04-21 09:56:26.020
tf,NFO,79555,,,,,102.95,44.69,,1745209586,,,,,,,,,,,,2025-04-21 09:56:26.382
tf,NFO,79555,,,,,102.00,43.36,,1745209587,,,,,,,,,,,,2025-04-21 09:56:27.387
tf,NFO,79555,,,,,101.95,43.29,,1745209587,,,,91.71,14753775,,,101.95,102.20,525,1200,2025-04-21 09:56:27.580
tf,NFO,79555,,,,,101.10,42.09,,1745209588,,,,,,,,,,,,2025-04-21 09:56:28.383
tf,NFO,79555,,,,,102.60,44.20,,1745209589,,,,91.72,14774325,,,102.60,102.80,375,150,2025-04-21 09:56:29.379
tf,NFO,79555,,,,,102.40,43.92,,1745209590,,,,,,,,,,,,2025-04-21 09:56:30.388
tf,NFO,79555,,,,,102.50,44.06,,1745209591,,,,91.73,14788050,,,102.80,103.00,675,450,2025-04-21 09:56:30.982
tf,NFO,79555,,,,,103.45,45.40,,1745209591,,,,,,,,,,,,2025-04-21 09:56:31.385
tf,NFO,79555,,,,,103.80,45.89,,1745209592,,,,,,,,,,,,2025-04-21 09:56:32.391
tf,NFO,79555,,,,,103.90,46.03,,1745209592,,,,,14793900,,,103.65,103.85,150,525,2025-04-21 09:56:32.607
tf,NFO,79555,,,,,103.60,45.61,,1745209593,,,,,,,,,,,,2025-04-21 09:56:33.387
tf,NFO,79555,,,,,104.10,46.31,,1745209594,,,,,,,,,,,,2025-04-21 09:56:34.416
tf,NFO,79555,,,,,,,,1745209594,,,,91.75,14809050,,,103.80,104.05,525,,2025-04-21 09:56:34.421
tf,NFO,79555,,,,,104.15,46.38,,1745209595,,,,,,,,,,,,2025-04-21 09:56:35.397
tf,NFO,79555,,,,,104.10,46.31,,1745209596,,,,,14816850,,,104.35,104.60,225,1125,2025-04-21 09:56:35.996
tf,NFO,79555,,,,,104.50,46.87,,1745209596,,,,,,,,,,,,2025-04-21 09:56:36.398
tf,NFO,79555,,,,,104.90,47.43,,1745209597,,,,,,,,,,,,2025-04-21 09:56:37.391
tf,NFO,79555,,,,,104.80,47.29,,1745209597,,,,91.76,14827500,,,104.60,104.90,2400,675,2025-04-21 09:56:37.599
tf,NFO,79555,,,,,104.75,47.22,,1745209598,,,,,,,,,,,,2025-04-21 09:56:38.447
tf,NFO,79555,,,,,104.15,46.38,,1745209599,,,,91.77,14836950,,,104.10,104.25,150,600,2025-04-21 09:56:39.195
tf,NFO,79555,,,,,104.10,46.31,,1745209599,,,,,,,,,,,,2025-04-21 09:56:39.390
tf,NFO,79555,,,,,104.50,46.87,,1745209600,,,,,,,,,,,,2025-04-21 09:56:40.394
tf,NFO,79555,,,,,104.45,46.80,,1745209601,,,,91.78,14844075,,,104.45,104.70,1950,225,2025-04-21 09:56:40.996
tf,NFO,79555,,,,,104.75,47.22,,1745209601,,,,,,,,,,,,2025-04-21 09:56:41.391
tf,NFO,79555,,,,,104.30,46.59,,1745209602,,,,,,,,,,,,2025-04-21 09:56:42.416
tf,NFO,79555,,,,,104.65,47.08,,1745209602,,,,,14848650,,,104.35,104.55,75,525,2025-04-21 09:56:42.606
tf,NFO,79555,,,,,104.15,46.38,,1745209603,,,,,,,,,,,,2025-04-21 09:56:43.394
tf,NFO,79555,,,,,,,,1745209604,,,,,14852700,,,,,300,375,2025-04-21 09:56:44.204
tf,NFO,79555,,,,,104.55,46.94,,1745209604,,,,,,,,,,,,2025-04-21 09:56:44.398
tf,NFO,79555,,,,,105.00,47.58,,1745209605,,,,,,,,,,,,2025-04-21 09:56:45.490
tf,NFO,79555,,,,,104.90,47.43,,1745209606,,,,91.79,14857950,,,104.75,104.95,450,450,2025-04-21 09:56:46.084
tf,NFO,79555,,,,,104.50,46.87,,1745209607,,,,,,,,,,,,2025-04-21 09:56:47.524
tf,NFO,79555,,,,,105.15,47.79,,1745209607,,,,91.80,14865000,,,104.85,105.05,75,825,2025-04-21 09:56:47.724
tf,NFO,79555,,,,,104.45,46.80,,1745209608,,,,,,,,,,,,2025-04-21 09:56:48.443
tf,NFO,79555,,,,,103.60,45.61,,1745209609,,,,,14874225,,,103.40,103.60,225,1575,2025-04-21 09:56:49.211
tf,NFO,79555,,,,,103.40,45.33,,1745209609,,,,,,,,,,,,2025-04-21 09:56:49.397
tf,NFO,79555,,,,,103.85,45.96,,1745209610,,,,,,,,,,,,2025-04-21 09:56:50.595
tf,NFO,79555,,,,,103.35,45.26,,1745209611,,,,91.81,14878800,,,103.55,103.65,150,300,2025-04-21 09:56:51.015
tf,NFO,79555,,,,,103.70,45.75,,1745209611,,,,,,,,,,,,2025-04-21 09:56:52.084
tf,NFO,79555,,,,,103.95,46.10,,1745209612,,,,,,,,,,,,2025-04-21 09:56:52.447
tf,NFO,79555,,,,,104.20,46.45,,1745209612,,,,,14883600,,,104.00,104.20,75,1650,2025-04-21 09:56:52.674
tf,NFO,79555,,,,,103.80,45.89,,1745209614,,,,,14885700,,,103.80,104.00,,2400,2025-04-21 09:56:54.254
tf,NFO,79555,,,,,104.10,46.31,,1745209614,,,,,,,,,,,,2025-04-21 09:56:54.400
tf,NFO,79555,,,,,104.50,46.87,,1745209615,,,,,,,,,,,,2025-04-21 09:56:55.402
tf,NFO,79555,,,,,104.70,47.15,,1745209616,,,,91.82,14895375,,,104.55,104.80,375,1050,2025-04-21 09:56:56.017
tf,NFO,79555,,,,,104.80,47.29,,1745209616,,,,,,,,,,,,2025-04-21 09:56:56.407
tf,NFO,79555,,,,,104.60,47.01,,1745209617,,,,,14899425,,,104.65,104.90,300,750,2025-04-21 09:56:57.621
tf,NFO,79555,,,,,104.95,47.51,,1745209618,,,,,,,,,,,,2025-04-21 09:56:58.418
tf,NFO,79555,,,,,104.45,46.80,,1745209619,,,,91.83,14906475,,,104.45,104.65,375,150,2025-04-21 09:56:59.246
tf,NFO,79555,,,,,104.80,47.29,,1745209619,,,,,,,,,,,,2025-04-21 09:56:59.424
tf,NFO,79555,,,,,105.15,47.79,,1745209620,,,,,,,,,,,,2025-04-21 09:57:00.407
tf,NFO,79555,,,,,,,,1745209621,,,,91.84,14913675,,,105.15,105.40,750,750,2025-04-21 09:57:01.039
tf,NFO,79555,,,,,105.30,48.00,,1745209621,,,,,,,,,,,,2025-04-21 09:57:01.407
tf,NFO,79555,,,,,105.50,48.28,,1745209622,,,,,,,,,,,,2025-04-21 09:57:02.409
tf,NFO,79555,,,,,105.70,48.56,,1745209622,,,,91.85,14923575,,,105.45,105.65,525,75,2025-04-21 09:57:02.629
tf,NFO,79555,,,,,105.75,48.63,,1745209623,,,,,,,,,,,,2025-04-21 09:57:03.408
tf,NFO,79555,,,,,104.90,47.43,,1745209624,,,,,14932275,,,104.85,105.05,75,300,2025-04-21 09:57:04.236
tf,NFO,79555,,,,,104.75,47.22,,1745209624,,,,,,,,,,,,2025-04-21 09:57:04.408
tf,NFO,79555,,,,,105.40,48.14,,1745209625,,,,,,,,,,,,2025-04-21 09:57:05.408
tf,NFO,79555,,,,,105.35,48.07,,1745209626,,,,91.86,14939400,,,105.10,105.35,375,1575,2025-04-21 09:57:06.033
tf,NFO,79555,,,,,105.15,47.79,,1745209626,,,,,,,,,,,,2025-04-21 09:57:06.409
tf,NFO,79555,,,,,105.05,47.65,,1745209627,,,,91.87,14946075,,,104.80,105.05,1050,750,2025-04-21 09:57:07.651
tf,NFO,79555,,,,,104.30,46.59,,1745209628,,,,,,,,,,,,2025-04-21 09:57:08.409
tf,NFO,79555,,,,,104.70,47.15,,1745209629,,,,,14948850,,,104.70,104.95,1575,525,2025-04-21 09:57:09.242
tf,NFO,79555,,,,,105.00,47.58,,1745209629,,,,,,,,,,,,2025-04-21 09:57:09.415
tf,NFO,79555,,,,,105.25,47.93,,1745209630,,,,,,,,,,,,2025-04-21 09:57:10.410
tf,NFO,79555,,,,,,,,1745209631,,,,91.88,14956950,,,105.15,105.40,375,1125,2025-04-21 09:57:10.841
tf,NFO,79555,,,,,105.30,48.00,,1745209631,,,,,,,,,,,,2025-04-21 09:57:11.484
tf,NFO,79555,,,,,105.45,48.21,,1745209632,,,,,14960775,,,105.45,105.70,675,600,2025-04-21 09:57:12.532
tf,NFO,79555,,,,,105.30,48.00,,1745209633,,,,,,,,,,,,2025-04-21 09:57:13.416
tf,NFO,79555,,,,,105.75,48.63,,1745209634,,,,,14964600,,,105.80,106.00,975,6750,2025-04-21 09:57:14.252
tf,NFO,79555,,,,,106.10,49.12,,1745209635,,,,,,,,,,,,2025-04-21 09:57:15.414
tf,NFO,79555,,,,,105.70,48.56,,1745209636,,,,91.90,14978400,,,105.45,105.70,825,675,2025-04-21 09:57:15.849
tf,NFO,79555,,,,,105.10,47.72,,1745209636,,,,,,,,,,,,2025-04-21 09:57:16.415
tf,NFO,79555,,,,,105.60,48.42,,1745209637,,,,,,,,,,,,2025-04-21 09:57:17.413
tf,NFO,79555,,,,,105.85,48.77,,1745209637,,,,,14985825,,,105.60,105.80,450,300,2025-04-21 09:57:17.450
tf,NFO,79555,,,,,105.35,48.07,,1745209638,,,,,,,,,,,,2025-04-21 09:57:18.475
tf,NFO,79555,,,,,105.50,48.28,,1745209639,,,,91.91,14994975,,,105.15,105.40,750,525,2025-04-21 09:57:19.291
tf,NFO,79555,,,,,105.15,47.79,,1745209639,,,,,,,,,,,,2025-04-21 09:57:19.469
tf,NFO,79555,,,,,105.75,48.63,,1745209640,,,,,,,,,,,,2025-04-21 09:57:20.523
tf,NFO,79555,,,,,106.00,48.98,,1745209641,,,,,14999700,,,106.00,106.15,600,300,2025-04-21 09:57:20.938
tf,NFO,79555,,,,,105.75,48.63,,1745209641,,,,,,,,,,,,2025-04-21 09:57:21.516
tf,NFO,79555,,,,,105.90,48.84,,1745209642,,,,91.92,15008775,,,105.90,106.20,825,2025,2025-04-21 09:57:22.458
tf,NFO,79555,,,,,,,,1745209644,,,,91.93,15011850,,,105.70,105.95,1275,1200,2025-04-21 09:57:24.266
tf,NFO,79555,,,,,105.75,48.63,,1745209644,,,,,,,,,,,,2025-04-21 09:57:24.415
tf,NFO,79555,,,,,105.25,47.93,,1745209645,,,,,,,,,,,,2025-04-21 09:57:25.455
tf,NFO,79555,,,,,105.30,48.00,,1745209646,,,,,15017025,,,105.05,105.30,375,1425,2025-04-21 09:57:25.862
tf,NFO,79555,,,,,105.70,48.56,,1745209646,,,,,,,,,,,,2025-04-21 09:57:26.466
tf,NFO,79555,,,,,106.30,49.40,,1745209647,,,,,,,,,,,,2025-04-21 09:57:27.421
tf,NFO,79555,,,,,,,,1745209647,,,,,15020025,,,106.10,106.30,,375,2025-04-21 09:57:27.469
tf,NFO,79555,,,,,106.40,49.54,,1745209648,,,,,,,,,,,,2025-04-21 09:57:28.424
tf,NFO,79555,,,,,105.75,48.63,,1745209649,,,,91.94,15028425,,,105.80,106.05,1200,675,2025-04-21 09:57:29.271
tf,NFO,79555,,,,,106.20,49.26,,1745209650,,,,,,,,,,,,2025-04-21 09:57:30.426
tf,NFO,79555,,,,,106.35,49.47,,1745209651,,,,,15032550,,,106.15,106.40,525,1200,2025-04-21 09:57:30.872
tf,NFO,79555,,,,,105.75,48.63,,1745209651,,,,,,,,,,,,2025-04-21 09:57:31.423
tf,NFO,79555,,,,,105.60,48.42,,1745209652,,,,,,,,,,,,2025-04-21 09:57:32.424
tf,NFO,79555,,,,,,,,1745209652,,,,91.96,15048675,,,105.50,105.75,1050,600,2025-04-21 09:57:32.585
tf,NFO,79555,,,,,106.00,48.98,,1745209653,,,,,,,,,,,,2025-04-21 09:57:33.425
tf,NFO,79555,,,,,105.50,48.28,,1745209654,,,,,15053700,,,105.55,105.80,1425,1050,2025-04-21 09:57:34.274
tf,NFO,79555,,,,,105.85,48.77,,1745209655,,,,,,,,,,,,2025-04-21 09:57:35.428
tf,NFO,79555,,,,,,,,1745209656,,,,91.97,15057750,,,105.80,106.05,675,1500,2025-04-21 09:57:35.879
tf,NFO,79555,,,,,105.80,48.70,,1745209656,,,,,,,,,,,,2025-04-21 09:57:36.435
tf,NFO,79555,,,,,105.85,48.77,,1745209657,,,,,,,,,,,,2025-04-21 09:57:37.428
tf,NFO,79555,,,,,,,,1745209657,,,,91.98,15066450,,,105.60,105.85,,975,2025-04-21 09:57:37.480
tf,NFO,79555,,,,,106.10,49.12,,1745209658,,,,,,1780575,,,,,,2025-04-21 09:57:38.438
tf,NFO,79555,,,,,105.90,48.84,,1745209659,,,,,15069675,,,106.00,106.25,75,1500,2025-04-21 09:57:39.169
tf,NFO,79555,,,,,106.20,49.26,,1745209659,,,,,,,,,,,,2025-04-21 09:57:39.430
tf,NFO,79555,,,,,106.05,49.05,,1745209660,,,,,,,,,,,,2025-04-21 09:57:40.434
tf,NFO,79555,,,,,105.90,48.84,,1745209661,,,,,15075300,,,105.90,106.05,,450,2025-04-21 09:57:40.696
tf,NFO,79555,,,,,105.95,48.91,,1745209661,,,,,,,,,,,,2025-04-21 09:57:41.432
tf,NFO,79555,,,,,106.50,49.68,,1745209662,,,,,,,,,,,,2025-04-21 09:57:42.437
tf,NFO,79555,,,,,,,,1745209662,,,,91.99,15082725,,,106.70,107.00,1275,2550,2025-04-21 09:57:42.490
tf,NFO,79555,,,,,106.80,50.11,,1745209663,,,,,,,,,,,,2025-04-21 09:57:43.431
tf,NFO,79555,,,,,106.75,50.04,,1745209664,,,,,15086550,,,106.65,106.90,900,1275,2025-04-21 09:57:44.090
tf,NFO,79555,,,,,107.00,50.39,,1745209664,,,,,,,,,,,,2025-04-21 09:57:44.543
tf,NFO,79555,,,,,107.30,50.81,,1745209665,,,,,,,,,,,,2025-04-21 09:57:45.533
tf,NFO,79555,,,,,107.40,50.95,,1745209666,,,,92.00,15095025,,,107.60,107.75,825,225,2025-04-21 09:57:45.727
tf,NFO,79555,,,,,108.25,52.14,,1745209666,,,,,,,,,,,,2025-04-21 09:57:46.433
tf,NFO,79555,,,,,108.00,51.79,,1745209667,,,,,,,,,,,,2025-04-21 09:57:47.436
tf,NFO,79555,,,,,,,,1745209667,,,,92.02,15114075,,,108.00,108.20,450,450,2025-04-21 09:57:47.501
tf,NFO,79555,,,,,106.70,49.96,,1745209668,,,,,,,,,,,,2025-04-21 09:57:48.433
tf,NFO,79555,,,,,105.95,48.91,,1745209669,,,,92.04,15129000,,,105.85,105.95,75,75,2025-04-21 09:57:49.126
tf,NFO,79555,,,,,105.65,48.49,,1745209669,,,,,,,,,,,,2025-04-21 09:57:49.436
tf,NFO,79555,,,,,106.05,49.05,,1745209670,,,,,,,,,,,,2025-04-21 09:57:50.433
tf,NFO,79555,,,,,105.95,48.91,,1745209671,,,,92.05,15142500,,,105.80,106.00,,450,2025-04-21 09:57:50.707
tf,NFO,79555,,,,,105.45,48.21,,1745209671,,,,,,,,,,,,2025-04-21 09:57:51.439
tf,NFO,79555,,,,,105.65,48.49,,1745209672,,,,,,,,,,,,2025-04-21 09:57:52.446
tf,NFO,79555,,,,,105.35,48.07,,1745209672,,,,92.06,15157800,,,105.35,105.60,375,1875,2025-04-21 09:57:52.504
tf,NFO,79555,,,,,104.80,47.29,,1745209673,,,,,,,,,,,,2025-04-21 09:57:53.501
tf,NFO,79555,,,,,104.85,47.36,,1745209674,,,,92.07,15165825,,,104.75,105.00,525,1725,2025-04-21 09:57:54.208
tf,NFO,79555,,,,,104.55,46.94,,1745209674,,,,,,,,,,,,2025-04-21 09:57:54.491
tf,NFO,79555,,,,,105.10,47.72,,1745209675,,,,,,,,,,,,2025-04-21 09:57:55.447
tf,NFO,79555,,,,,104.75,47.22,,1745209676,,,,92.08,15172650,,,,,300,1875,2025-04-21 09:57:55.715
tf,NFO,79555,,,,,104.45,46.80,,1745209676,,,,,,,,,,,,2025-04-21 09:57:56.443
tf,NFO,79555,,,,,103.60,45.61,,1745209677,,,,,,,,,,,,2025-04-21 09:57:57.442
tf,NFO,79555,,,,,103.65,45.68,,1745209677,,,,92.10,15197250,,,103.50,103.70,150,225,2025-04-21 09:57:57.514
tf,NFO,79555,,,,,103.25,45.12,,1745209678,,,,,,,,,,,,2025-04-21 09:57:58.449
tf,NFO,79555,,,,,103.45,45.40,,1745209679,,,,,15206775,,,103.45,103.60,450,75,2025-04-21 09:57:59.299
tf,NFO,79555,,,,,104.50,46.87,,1745209679,,,,,,,,,,,,2025-04-21 09:57:59.439
tf,NFO,79555,,,,,105.85,48.77,,1745209680,,,,,,,,,,,,2025-04-21 09:58:00.450
tf,NFO,79555,,,,,105.40,48.14,,1745209681,,,,92.11,15218775,,,105.25,105.45,,150,2025-04-21 09:58:00.754
tf,NFO,79555,,,,,105.30,48.00,,1745209681,,,,,,,,,,,,2025-04-21 09:58:01.441
tf,NFO,79555,,,,,105.40,48.14,,1745209682,,,,,,,,,,,,2025-04-21 09:58:02.443
tf,NFO,79555,,,,,,,,1745209682,,,,92.12,15225225,,,105.15,105.40,1875,1350,2025-04-21 09:58:02.529
tf,NFO,79555,,,,,105.60,48.42,,1745209683,,,,,,,,,,,,2025-04-21 09:58:03.444
tf,NFO,79555,,,,,105.70,48.56,,1745209684,,,,,15228975,,,105.85,106.00,225,3750,2025-04-21 09:58:04.142
tf,NFO,79555,,,,,106.15,49.19,,1745209684,,,,,,,,,,,,2025-04-21 09:58:04.530
tf,NFO,79555,,,,,105.40,48.14,,1745209685,,,,,,,,,,,,2025-04-21 09:58:05.851
tf,NFO,79555,,,,,105.30,48.00,,1745209686,,,,92.13,15242250,,,105.10,105.35,900,1050,2025-04-21 09:58:05.862
tf,NFO,79555,,,,,105.45,48.21,,1745209686,,,,,,,,,,,,2025-04-21 09:58:06.445
tf,NFO,79555,,,,,105.65,48.49,,1745209687,,,,,,,,,,,,2025-04-21 09:58:07.446
tf,NFO,79555,,,,,106.00,48.98,,1745209687,,,,92.14,15248475,,,105.70,105.95,375,2025,2025-04-21 09:58:07.538
tf,NFO,79555,,,,,106.15,49.19,,1745209688,,,,,,,,,,,,2025-04-21 09:58:08.460
tf,NFO,79555,,,,,106.25,49.33,,1745209689,,,,,15253875,,,106.40,106.65,825,975,2025-04-21 09:58:09.136
tf,NFO,79555,,,,,106.90,50.25,,1745209689,,,,,,,,,,,,2025-04-21 09:58:09.446
tf,NFO,79555,,,,,106.50,49.68,,1745209690,,,,,,,,,,,,2025-04-21 09:58:10.453
tf,NFO,79555,,,,,107.35,50.88,,1745209691,,,,92.15,15259500,,,107.40,107.65,2175,300,2025-04-21 09:58:10.742
tf,NFO,79555,,,,,107.70,51.37,,1745209691,,,,,,,,,,,,2025-04-21 09:58:11.459
tf,NFO,79555,,,,,107.30,50.81,,1745209692,,,,,,,,,,,,2025-04-21 09:58:12.532
tf,NFO,79555,,,,,107.45,51.02,,1745209692,,,,92.16,15267825,,,107.20,107.45,1275,375,2025-04-21 09:58:12.589
tf,NFO,79555,,,,,106.90,50.25,,1745209693,,,,,,,,,,,,2025-04-21 09:58:13.460
tf,NFO,79555,,,,,107.55,51.16,,1745209694,,,,92.17,15276225,,,107.55,107.75,150,225,2025-04-21 09:58:14.140
tf,NFO,79555,,,,,107.40,50.95,,1745209694,,,,,,,,,,,,2025-04-21 09:58:14.448
tf,NFO,79555,,,,,107.45,51.02,,1745209695,,,,,,,,,,,,2025-04-21 09:58:15.454
tf,NFO,79555,,,,,107.00,50.39,,1745209696,,,,92.18,15286350,,,107.00,107.20,750,150,2025-04-21 09:58:15.745
tf,NFO,79555,,,,,106.95,50.32,,1745209696,,,,,,,,,,,,2025-04-21 09:58:16.448
tf,NFO,79555,,,,,107.25,50.74,,1745209697,,,,,,,,,,,,2025-04-21 09:58:18.295
tf,NFO,79555,,,,,106.90,50.25,,1745209697,,,,,15289650,,,106.90,107.15,900,750,2025-04-21 09:58:18.308
tf,NFO,79555,,,,,106.55,49.75,,1745209698,,,,,,,,,,,,2025-04-21 09:58:18.472
tf,NFO,79555,,,,,106.95,50.32,,1745209699,,,,,15293475,,,106.65,106.75,75,150,2025-04-21 09:58:19.270
tf,NFO,79555,,,,,106.65,49.89,,1745209699,,,,,,,,,,,,2025-04-21 09:58:19.453
tf,NFO,79555,,,,,106.85,50.18,,1745209700,,,,,,,,,,,,2025-04-21 09:58:20.450
tf,NFO,79555,,,,,106.45,49.61,,1745209701,,,,92.19,15296100,,,106.40,106.60,1125,75,2025-04-21 09:58:20.757
tf,NFO,79555,,,,,106.40,49.54,,1745209701,,,,,,,,,,,,2025-04-21 09:58:21.454
tf,NFO,79555,,,,,106.75,50.04,,1745209702,,,,,,,,,,,,2025-04-21 09:58:22.461
tf,NFO,79555,,,,,106.65,49.89,,1745209702,,,,,15301875,,,106.45,106.65,75,825,2025-04-21 09:58:22.559
tf,NFO,79555,,,,,106.35,49.47,,1745209703,,,,,,,,,,,,2025-04-21 09:58:23.454
tf,NFO,79555,,,,,,,,1745209704,,,,92.20,15307800,,,106.30,106.55,150,1350,2025-04-21 09:58:24.157
tf,NFO,79555,,,,,106.30,49.40,,1745209704,,,,,,,,,,,,2025-04-21 09:58:24.581
