t,e,tk,ts,pp,ls,ti,lp,pc,c,ft,o,h,l,ap,v,oi,poi,bp1,sp1,bq1,sq1,received_timestamp
tk,NFO,79512,NIFTY24APR25P23750,2,75,0.05,71.70,-52.70,151.60,1745209403,90.15,126.65,66.20,91.61,9100725,1356975,486600,71.85,71.95,600,450,2025-04-21 09:53:24.014
tf,NFO,79512,,,,,72.15,-52.41,,1745209404,,,,,9102000,,,72.15,72.35,1725,225,2025-04-21 09:53:24.063
tf,NFO,79512,,,,,72.45,-52.21,,1745209405,,,,,,,,,,,,2025-04-21 09:53:25.528
tf,NFO,79512,,,,,,,,1745209406,,,,91.60,9104175,,,72.65,72.85,450,600,2025-04-21 09:53:25.663
tf,NFO,79512,,,,,73.05,-51.81,,1745209406,,,,,,,,,,,,2025-04-21 09:53:26.684
tf,NFO,79512,,,,,,,,1745209407,,,,,9106875,,,72.90,73.10,1650,375,2025-04-21 09:53:27.462
tf,NFO,79512,,,,,73.30,-51.65,,1745209408,,,,,,,,,,,,2025-04-21 09:53:28.653
tf,NFO,79512,,,,,73.75,-51.35,,1745209409,,,,,9107250,,,73.55,73.70,450,300,2025-04-21 09:53:29.104
tf,NFO,79512,,,,,73.30,-51.65,,1745209410,,,,,,,,,,,,2025-04-21 09:53:30.537
tf,NFO,79512,,,,,73.05,-51.81,,1745209411,,,,91.59,9109275,,,73.25,73.40,75,450,2025-04-21 09:53:30.670
tf,NFO,79512,,,,,73.20,-51.72,,1745209411,,,,,,,,,,,,2025-04-21 09:53:31.534
tf,NFO,79512,,,,,73.75,-51.35,,1745209412,,,,,9109575,,,73.55,73.75,675,1275,2025-04-21 09:53:32.543
tf,NFO,79512,,,,,73.95,-51.22,,1745209413,,,,,,,,,,,,2025-04-21 09:53:33.568
tf,NFO,79512,,,,,73.85,-51.29,,1745209414,,,,,9111075,,,73.90,74.10,525,975,2025-04-21 09:53:34.073
tf,NFO,79512,,,,,73.75,-51.35,,1745209414,,,,,,,,,,,,2025-04-21 09:53:34.546
tf,NFO,79512,,,,,74.05,-51.15,,1745209415,,,,,,,,,,,,2025-04-21 09:53:35.547
tf,NFO,79512,,,,,73.85,-51.29,,1745209416,,,,,9113100,,,73.65,73.85,600,750,2025-04-21 09:53:35.677
tf,NFO,79512,,,,,73.40,-51.58,,1745209417,,,,91.58,9113850,,,73.30,73.50,975,1875,2025-04-21 09:53:37.479
tf,NFO,79512,,,,,73.10,-51.78,,1745209418,,,,,,,,,,,,2025-04-21 09:53:38.539
tf,NFO,79512,,,,,,,,1745209419,,,,,9115275,,,73.25,73.40,225,375,2025-04-21 09:53:39.152
tf,NFO,79512,,,,,72.35,-52.28,,1745209420,,,,,,,,,,,,2025-04-21 09:53:40.572
tf,NFO,79512,,,,,72.50,-52.18,,1745209421,,,,91.57,9118950,,,72.30,72.50,750,1500,2025-04-21 09:53:40.682
tf,NFO,79512,,,,,71.75,-52.67,,1745209421,,,,,,,,,,,,2025-04-21 09:53:41.544
tf,NFO,79512,,,,,72.30,-52.31,,1745209422,,,,91.56,9123600,,,72.10,72.30,1575,1125,2025-04-21 09:53:42.492
tf,NFO,79512,,,,,73.45,-51.55,,1745209423,,,,,,,,,,,,2025-04-21 09:53:43.544
tf,NFO,79512,,,,,,,,1745209424,,,,,9124725,,,73.10,73.25,375,225,2025-04-21 09:53:44.114
tf,NFO,79512,,,,,72.75,-52.01,,1745209424,,,,,,,,,,,,2025-04-21 09:53:44.568
tf,NFO,79512,,,,,73.15,-51.75,,1745209425,,,,,,,,,,,,2025-04-21 09:53:45.658
tf,NFO,79512,,,,,,,,1745209426,,,,,9126525,,,73.00,73.15,300,600,2025-04-21 09:53:45.694
tf,NFO,79512,,,,,73.40,-51.58,,1745209426,,,,,,,,,,,,2025-04-21 09:53:46.682
tf,NFO,79512,,,,,73.05,-51.81,,1745209427,,,,91.55,9127875,,,72.90,73.10,525,1875,2025-04-21 09:53:47.492
tf,NFO,79512,,,,,73.10,-51.78,,1745209428,,,,,,,,,,,,2025-04-21 09:53:48.543
tf,NFO,79512,,,,,72.85,-51.95,,1745209429,,,,,9128175,,,72.60,72.80,675,975,2025-04-21 09:53:49.117
tf,NFO,79512,,,,,72.70,-52.04,,1745209429,,,,,,,,,,,,2025-04-21 09:53:49.585
tf,NFO,79512,,,,,73.00,-51.85,,1745209430,,,,,,,,,,,,2025-04-21 09:53:50.545
tf,NFO,79512,,,,,73.30,-51.65,,1745209431,,,,,9129750,,,73.10,73.30,825,750,2025-04-21 09:53:50.708
tf,NFO,79512,,,,,72.50,-52.18,,1745209431,,,,,,,,,,,,2025-04-21 09:53:51.544
tf,NFO,79512,,,,,72.85,-51.95,,1745209432,,,,,9131250,,,72.75,72.95,450,900,2025-04-21 09:53:52.495
tf,NFO,79512,,,,,72.55,-52.14,,1745209433,,,,,,,,,,,,2025-04-21 09:53:53.640
tf,NFO,79512,,,,,72.70,-52.04,,1745209434,,,,91.54,9132675,,,72.60,72.80,1350,450,2025-04-21 09:53:54.153
tf,NFO,79512,,,,,72.65,-52.08,,1745209434,,,,,,,,,,,,2025-04-21 09:53:54.614
tf,NFO,79512,,,,,72.80,-51.98,,1745209435,,,,,,,,,,,,2025-04-21 09:53:55.552
tf,NFO,79512,,,,,72.40,-52.24,,1745209436,,,,,9133725,,,72.15,72.35,825,975,2025-04-21 09:53:55.723
tf,NFO,79512,,,,,72.00,-52.51,,1745209436,,,,,,,,,,,,2025-04-21 09:53:56.562
tf,NFO,79512,,,,,73.00,-51.85,,1745209437,,,,91.53,9138375,,,73.00,73.20,1350,300,2025-04-21 09:53:57.511
tf,NFO,79512,,,,,72.50,-52.18,,1745209438,,,,,,,,,,,,2025-04-21 09:53:58.552
tf,NFO,79512,,,,,71.85,-52.61,,1745209439,,,,,9139950,,,71.75,71.90,150,975,2025-04-21 09:53:59.148
tf,NFO,79512,,,,,71.75,-52.67,,1745209439,,,,,,,,,,,,2025-04-21 09:53:59.624
tf,NFO,79512,,,,,71.85,-52.61,,1745209440,,,,,,,,,,,,2025-04-21 09:54:00.636
tf,NFO,79512,,,,,,,,1745209441,,,,,9141150,,,71.50,71.65,300,300,2025-04-21 09:54:00.829
tf,NFO,79512,,,,,72.05,-52.47,,1745209441,,,,,,,,,,,,2025-04-21 09:54:01.650
tf,NFO,79512,,,,,71.55,-52.80,,1745209442,,,,91.52,9143775,,,71.55,71.70,675,525,2025-04-21 09:54:02.517
tf,NFO,79512,,,,,71.75,-52.67,,1745209443,,,,,,,,,,,,2025-04-21 09:54:03.555
tf,NFO,79512,,,,,71.90,-52.57,,1745209444,,,,,9145500,,,72.10,72.25,1275,75,2025-04-21 09:54:04.117
tf,NFO,79512,,,,,72.35,-52.28,,1745209444,,,,,,,,,,,,2025-04-21 09:54:04.559
tf,NFO,79512,,,,,72.40,-52.24,,1745209445,,,,,,,,,,,,2025-04-21 09:54:05.576
tf,NFO,79512,,,,,,,,1745209446,,,,,9145800,,,72.60,72.75,375,675,2025-04-21 09:54:05.797
tf,NFO,79512,,,,,72.90,-51.91,,1745209446,,,,,,,,,,,,2025-04-21 09:54:06.590
tf,NFO,79512,,,,,72.35,-52.28,,1745209447,,,,,9146400,,,71.75,71.95,,225,2025-04-21 09:54:07.516
tf,NFO,79512,,,,,71.85,-52.61,,1745209448,,,,,,,,,,,,2025-04-21 09:54:08.560
tf,NFO,79512,,,,,72.00,-52.51,,1745209449,,,,91.51,9148725,,,71.95,72.15,,900,2025-04-21 09:54:09.124
tf,NFO,79512,,,,,72.15,-52.41,,1745209449,,,,,,,,,,,,2025-04-21 09:54:09.559
tf,NFO,79512,,,,,72.30,-52.31,,1745209450,,,,,,,,,,,,2025-04-21 09:54:10.560
tf,NFO,79512,,,,,72.65,-52.08,,1745209451,,,,,9150300,,,72.70,72.85,150,825,2025-04-21 09:54:10.724
tf,NFO,79512,,,,,72.60,-52.11,,1745209451,,,,,,,,,,,,2025-04-21 09:54:11.561
tf,NFO,79512,,,,,,,,1745209452,,,,,9151275,,,72.30,72.50,300,1875,2025-04-21 09:54:12.562
tf,NFO,79512,,,,,72.80,-51.98,,1745209453,,,,,,,,,,,,2025-04-21 09:54:12.980
tf,NFO,79512,,,,,72.60,-52.11,,1745209453,,,,,,,,,,,,2025-04-21 09:54:13.562
tf,NFO,79512,,,,,72.70,-52.04,,1745209454,,,,91.50,9151950,,,72.60,72.80,1425,675,2025-04-21 09:54:14.173
tf,NFO,79512,,,,,72.60,-52.11,,1745209454,,,,,,,,,,,,2025-04-21 09:54:14.560
tf,NFO,79512,,,,,72.30,-52.31,,1745209456,,,,,9152400,,,72.00,72.20,,1425,2025-04-21 09:54:15.768
tf,NFO,79512,,,,,71.20,-53.03,,1745209456,,,,,,,,,,,,2025-04-21 09:54:16.578
tf,NFO,79512,,,,,71.70,-52.70,,1745209457,,,,,9153000,,,71.45,71.65,,600,2025-04-21 09:54:17.590
tf,NFO,79512,,,,,71.45,-52.87,,1745209458,,,,,,,,,,,,2025-04-21 09:54:18.608
tf,NFO,79512,,,,,70.80,-53.30,,1745209459,,,,91.49,9156525,,,71.05,71.25,750,1050,2025-04-21 09:54:19.291
tf,NFO,79512,,,,,70.40,-53.56,,1745209460,,,,,,,,,,,,2025-04-21 09:54:20.126
tf,NFO,79512,,,,,70.25,-53.66,,1745209460,,,,,,,,,,,,2025-04-21 09:54:20.588
tf,NFO,79512,,,,,,,,1745209461,,,,91.47,9167325,,,70.15,70.35,975,900,2025-04-21 09:54:20.818
tf,NFO,79512,,,,,70.00,-53.83,,1745209461,,,,,,,,,,,,2025-04-21 09:54:21.577
tf,NFO,79512,,,,,70.30,-53.63,,1745209462,,,,91.41,9192525,,,70.35,70.50,300,225,2025-04-21 09:54:22.637
tf,NFO,79512,,,,,69.60,-54.09,,1745209463,,,,,,,,,,,,2025-04-21 09:54:23.568
tf,NFO,79512,,,,,69.50,-54.16,,1745209464,,,,91.40,9197925,,,69.40,69.55,600,150,2025-04-21 09:54:24.144
tf,NFO,79512,,,,,69.55,-54.12,,1745209464,,,,,,,,,,,,2025-04-21 09:54:24.619
tf,NFO,79512,,,,,69.85,-53.92,,1745209465,,,,,,,,,,,,2025-04-21 09:54:25.674
tf,NFO,79512,,,,,70.00,-53.83,,1745209466,,,,91.39,9200625,,,70.00,70.15,300,375,2025-04-21 09:54:26.031
tf,NFO,79512,,,,,69.65,-54.06,,1745209466,,,,,,,,,,,,2025-04-21 09:54:26.839
tf,NFO,79512,,,,,70.10,-53.76,,1745209467,,,,91.38,9205200,,,69.90,70.10,2250,600,2025-04-21 09:54:27.574
tf,NFO,79512,,,,,69.90,-53.89,,1745209468,,,,,,,,,,,,2025-04-21 09:54:28.573
tf,NFO,79512,,,,,69.75,-53.99,,1745209469,,,,,9207525,,,69.75,69.90,1200,225,2025-04-21 09:54:29.161
tf,NFO,79512,,,,,69.45,-54.19,,1745209469,,,,,,,,,,,,2025-04-21 09:54:29.637
tf,NFO,79512,,,,,70.35,-53.59,,1745209470,,,,,,,,,,,,2025-04-21 09:54:30.572
tf,NFO,79512,,,,,,,,1745209471,,,,91.37,9208950,,,69.60,69.75,825,75,2025-04-21 09:54:30.773
tf,NFO,79512,,,,,69.75,-53.99,,1745209471,,,,,,,,,,,,2025-04-21 09:54:31.617
tf,NFO,79512,,,,,69.90,-53.89,,1745209472,,,,,9210150,,,69.95,70.10,375,225,2025-04-21 09:54:32.779
tf,NFO,79512,,,,,70.35,-53.59,,1745209473,,,,,,,,,,,,2025-04-21 09:54:33.631
tf,NFO,79512,,,,,69.85,-53.92,,1745209474,,,,91.36,9212850,,,69.75,69.90,825,300,2025-04-21 09:54:34.195
tf,NFO,79512,,,,,70.05,-53.79,,1745209475,,,,,,,,,,,,2025-04-21 09:54:35.736
tf,NFO,79512,,,,,,,,1745209476,,,,,9213225,,,70.15,70.25,75,450,2025-04-21 09:54:35.770
tf,NFO,79512,,,,,69.95,-53.86,,1745209476,,,,,,,,,,,,2025-04-21 09:54:36.618
tf,NFO,79512,,,,,69.75,-53.99,,1745209477,,,,,9215775,,,69.35,69.55,975,375,2025-04-21 09:54:37.368
tf,NFO,79512,,,,,69.70,-54.02,,1745209477,,,,,,,,,,,,2025-04-21 09:54:37.618
tf,NFO,79512,,,,,69.75,-53.99,,1745209478,,,,,,,,,,,,2025-04-21 09:54:38.712
tf,NFO,79512,,,,,69.65,-54.06,,1745209479,,,,91.35,9217950,,,69.50,69.65,75,525,2025-04-21 09:54:39.340
tf,NFO,79512,,,,,69.05,-54.45,,1745209479,,,,,,,,,,,,2025-04-21 09:54:39.715
tf,NFO,79512,,,,,69.15,-54.39,,1745209480,,,,,,1341675,,,,,,2025-04-21 09:54:40.579
tf,NFO,79512,,,,,,,,1745209481,,,,91.32,9230550,,,68.80,68.90,225,75,2025-04-21 09:54:40.777
tf,NFO,79512,,,,,69.00,-54.49,,1745209481,,,,,,,,,,,,2025-04-21 09:54:41.581
tf,NFO,79512,,,,,68.70,-54.68,,1745209482,,,,91.31,9235350,,,68.70,,525,1500,2025-04-21 09:54:42.405
tf,NFO,79512,,,,,68.60,-54.75,,1745209482,,,,,,,,,,,,2025-04-21 09:54:42.595
tf,NFO,79512,,,,,69.10,-54.42,,1745209483,,,,,,,,,,,,2025-04-21 09:54:43.586
tf,NFO,79512,,,,,68.85,-54.58,,1745209484,,,,91.30,9238125,,,68.80,69.00,1050,,2025-04-21 09:54:44.177
tf,NFO,79512,,,,,68.80,-54.62,,1745209485,,,,,,,,,,,,2025-04-21 09:54:45.697
tf,NFO,79512,,,,,68.65,-54.72,,1745209486,,,,,9239400,,,68.65,68.85,675,2100,2025-04-21 09:54:45.842
tf,NFO,79512,,,,,68.70,-54.68,,1745209486,,,,,,,,,,,,2025-04-21 09:54:46.730
tf,NFO,79512,,,,,68.60,-54.75,,1745209487,,,,91.29,9243525,,,68.50,68.70,375,1875,2025-04-21 09:54:47.523
tf,NFO,79512,,,,,68.40,-54.88,,1745209488,,,,,,,,,,,,2025-04-21 09:54:48.583
tf,NFO,79512,,,,,68.50,-54.82,,1745209489,,,,91.27,9250725,,,,,1875,1350,2025-04-21 09:54:49.185
tf,NFO,79512,,,,,68.30,-54.95,,1745209489,,,,,,,,,,,,2025-04-21 09:54:49.584
tf,NFO,79512,,,,,68.90,-54.55,,1745209490,,,,,,,,,,,,2025-04-21 09:54:50.586
tf,NFO,79512,,,,,68.45,-54.85,,1745209491,,,,,9253050,,,68.45,68.60,525,600,2025-04-21 09:54:50.795
tf,NFO,79512,,,,,69.05,-54.45,,1745209491,,,,,,,,,,,,2025-04-21 09:54:51.587
tf,NFO,79512,,,,,,,,1745209492,,,,91.26,9254550,,,68.55,68.70,375,300,2025-04-21 09:54:52.454
tf,NFO,79512,,,,,68.50,-54.82,,1745209492,,,,,,,,,,,,2025-04-21 09:54:52.595
tf,NFO,79512,,,,,68.05,-55.11,,1745209493,,,,,,,,,,,,2025-04-21 09:54:53.586
tf,NFO,79512,,,,,68.25,-54.98,,1745209494,,,,91.25,9259725,,,67.95,68.05,75,1425,2025-04-21 09:54:54.203
tf,NFO,79512,,,,,67.90,-55.21,,1745209495,,,,,,,,,,,,2025-04-21 09:54:55.602
tf,NFO,79512,,,,,68.10,-55.08,,1745209496,,,,91.24,9263850,,,68.05,68.25,450,1275,2025-04-21 09:54:55.807
tf,NFO,79512,,,,,67.90,-55.21,,1745209496,,,,,,,,,,,,2025-04-21 09:54:56.588
tf,NFO,79512,,,,,68.90,-54.55,,1745209497,,,,91.23,9267000,,,68.80,68.95,750,375,2025-04-21 09:54:57.459
tf,NFO,79512,,,,,68.70,-54.68,,1745209497,,,,,,,,,,,,2025-04-21 09:54:57.645
tf,NFO,79512,,,,,68.30,-54.95,,1745209498,,,,,,,,,,,,2025-04-21 09:54:58.868
tf,NFO,79512,,,,,68.20,-55.01,,1745209499,,,,,9267825,,,67.80,68.00,900,1200,2025-04-21 09:54:59.424
tf,NFO,79512,,,,,67.40,-55.54,,1745209499,,,,,,,,,,,,2025-04-21 09:54:59.803
tf,NFO,79512,,,,,67.30,-55.61,,1745209500,,,,,,,,,,,,2025-04-21 09:55:00.626
tf,NFO,79512,,,,,67.65,-55.38,,1745209501,,,,91.22,9272400,,,67.70,67.85,1200,225,2025-04-21 09:55:00.823
tf,NFO,79512,,,,,68.20,-55.01,,1745209501,,,,,,,,,,,,2025-04-21 09:55:01.602
tf,NFO,79512,,,,,68.55,-54.78,,1745209502,,,,91.21,9275250,,,68.65,68.85,750,750,2025-04-21 09:55:02.433
tf,NFO,79512,,,,,69.00,-54.49,,1745209502,,,,,,,,,,,,2025-04-21 09:55:02.594
tf,NFO,79512,,,,,68.30,-54.95,,1745209503,,,,,,,,,,,,2025-04-21 09:55:03.603
tf,NFO,79512,,,,,68.65,-54.72,,1745209504,,,,91.20,9279900,,,68.55,68.70,675,75,2025-04-21 09:55:04.212
tf,NFO,79512,,,,,67.95,-55.18,,1745209504,,,,,,,,,,,,2025-04-21 09:55:04.592
tf,NFO,79512,,,,,67.55,-55.44,,1745209506,,,,91.19,9283050,,,67.55,67.70,,225,2025-04-21 09:55:05.944
tf,NFO,79512,,,,,67.70,-55.34,,1745209506,,,,,,,,,,,,2025-04-21 09:55:06.608
tf,NFO,79512,,,,,67.50,-55.47,,1745209507,,,,,9284700,,,67.35,67.55,1050,375,2025-04-21 09:55:07.429
tf,NFO,79512,,,,,67.60,-55.41,,1745209507,,,,,,,,,,,,2025-04-21 09:55:07.618
tf,NFO,79512,,,,,67.00,-55.80,,1745209508,,,,,,,,,,,,2025-04-21 09:55:08.707
tf,NFO,79512,,,,,66.95,-55.84,,1745209509,,,,91.17,9291150,,,66.85,67.00,525,1200,2025-04-21 09:55:09.228
tf,NFO,79512,,,,,66.70,-56.00,,1745209510,,,,,,,,,,,,2025-04-21 09:55:10.598
tf,NFO,79512,,,,,66.60,-56.07,,1745209511,,,,91.16,9294300,,,66.55,66.75,825,450,2025-04-21 09:55:10.832
tf,NFO,79512,,,,,65.80,-56.60,,1745209511,,,,,,,,,,,,2025-04-21 09:55:11.599
tf,NFO,79512,,,,,65.85,-56.56,,1745209512,,,65.65,91.05,9334275,,,66.00,66.15,600,75,2025-04-21 09:55:12.535
tf,NFO,79512,,,,,65.50,-56.79,,1745209513,,,,,,,,,,,,2025-04-21 09:55:13.621
tf,NFO,79512,,,,,65.75,-56.63,,1745209514,,,65.50,91.03,9341250,,,65.70,65.85,750,150,2025-04-21 09:55:14.231
tf,NFO,79512,,,,,65.40,-56.86,,1745209514,,,,,,,,,,,,2025-04-21 09:55:14.608
tf,NFO,79512,,,,,64.60,-57.39,,1745209516,,,,,,,,,,,,2025-04-21 09:55:15.803
tf,NFO,79512,,,,,,,,1745209516,,,64.30,90.99,9358200,,,64.45,64.65,1200,450,2025-04-21 09:55:15.834
tf,NFO,79512,,,,,64.45,-57.49,,1745209516,,,,,,,,,,,,2025-04-21 09:55:16.622
tf,NFO,79512,,,,,61.60,-59.37,,1745209517,,,61.35,90.87,9398325,,,61.45,61.60,450,600,2025-04-21 09:55:17.453
tf,NFO,79512,,,,,61.85,-59.20,,1745209517,,,,,,,,,,,,2025-04-21 09:55:17.608
tf,NFO,79512,,,,,61.60,-59.37,,1745209518,,,,,,,,,,,,2025-04-21 09:55:18.706
tf,NFO,79512,,,,,61.25,-59.60,,1745209519,,,61.05,90.81,9415800,,,61.20,61.40,975,1125,2025-04-21 09:55:19.250
tf,NFO,79512,,,,,61.40,-59.50,,1745209519,,,,,,,,,,,,2025-04-21 09:55:19.870
tf,NFO,79512,,,,,61.35,-59.53,,1745209520,,,,,,,,,,,,2025-04-21 09:55:20.620
tf,NFO,79512,,,,,61.55,-59.40,,1745209521,,,60.85,90.77,9428700,,,61.35,61.50,825,300,2025-04-21 09:55:20.840
tf,NFO,79512,,,,,61.20,-59.63,,1745209522,,,,90.72,9444675,,,61.25,61.40,975,450,2025-04-21 09:55:22.454
tf,NFO,79512,,,,,61.75,-59.27,,1745209522,,,,,,,,,,,,2025-04-21 09:55:22.604
tf,NFO,79512,,,,,61.70,-59.30,,1745209523,,,,,,,,,,,,2025-04-21 09:55:23.612
tf,NFO,79512,,,,,62.40,-58.84,,1745209524,,,,90.66,9465300,,,62.35,62.40,300,375,2025-04-21 09:55:24.246
tf,NFO,79512,,,,,62.45,-58.81,,1745209524,,,,,,,,,,,,2025-04-21 09:55:24.610
tf,NFO,79512,,,,,63.25,-58.28,,1745209525,,,,,,,,,,,,2025-04-21 09:55:25.883
tf,NFO,79512,,,,,63.00,-58.44,,1745209526,,,,90.64,9471675,,,63.00,63.10,150,750,2025-04-21 09:55:26.041
tf,NFO,79512,,,,,62.90,-58.51,,1745209526,,,,,,,,,,,,2025-04-21 09:55:26.609
tf,NFO,79512,,,,,62.25,-58.94,,1745209527,,,,90.62,9479250,,,62.05,62.25,450,825,2025-04-21 09:55:27.480
tf,NFO,79512,,,,,61.55,-59.40,,1745209528,,,,,,,,,,,,2025-04-21 09:55:28.614
tf,NFO,79512,,,,,61.90,-59.17,,1745209529,,,,90.61,9482250,,,61.95,62.05,75,75,2025-04-21 09:55:29.254
tf,NFO,79512,,,,,61.75,-59.27,,1745209529,,,,,,,,,,,,2025-04-21 09:55:29.613
tf,NFO,79512,,,,,62.90,-58.51,,1745209530,,,,,,,,,,,,2025-04-21 09:55:30.612
tf,NFO,79512,,,,,63.05,-58.41,,1745209531,,,,90.57,9496200,,,62.90,63.10,1800,825,2025-04-21 09:55:30.870
tf,NFO,79512,,,,,62.95,-58.48,,1745209531,,,,,,,,,,,,2025-04-21 09:55:31.614
tf,NFO,79512,,,,,63.00,-58.44,,1745209532,,,,90.56,9499350,,,63.05,63.20,75,600,2025-04-21 09:55:32.625
tf,NFO,79512,,,,,62.90,-58.51,,1745209533,,,,,,,,,,,,2025-04-21 09:55:33.631
tf,NFO,79512,,,,,62.75,-58.61,,1745209534,,,,90.54,9504450,,,62.80,62.95,150,225,2025-04-21 09:55:34.261
tf,NFO,79512,,,,,62.85,-58.54,,1745209534,,,,,,,,,,,,2025-04-21 09:55:34.618
tf,NFO,79512,,,,,63.40,-58.18,,1745209535,,,,,,,,,,,,2025-04-21 09:55:35.635
tf,NFO,79512,,,,,,,,1745209536,,,,90.53,9509400,,,63.35,63.50,1350,450,2025-04-21 09:55:35.881
tf,NFO,79512,,,,,63.15,-58.34,,1745209536,,,,,,,,,,,,2025-04-21 09:55:36.614
tf,NFO,79512,,,,,62.50,-58.77,,1745209537,,,,90.51,9517200,,,62.40,62.55,1800,825,2025-04-21 09:55:37.489
tf,NFO,79512,,,,,62.70,-58.64,,1745209537,,,,,,,,,,,,2025-04-21 09:55:37.643
tf,NFO,79512,,,,,62.80,-58.58,,1745209538,,,,,,,,,,,,2025-04-21 09:55:38.690
tf,NFO,79512,,,,,,,,1745209539,,,,90.50,9520650,,,62.95,63.10,750,75,2025-04-21 09:55:39.135
tf,NFO,79512,,,,,62.60,-58.71,,1745209539,,,,,,,,,,,,2025-04-21 09:55:39.760
tf,NFO,79512,,,,,62.85,-58.54,,1745209540,,,,,,,,,,,,2025-04-21 09:55:40.759
tf,NFO,79512,,,,,62.75,-58.61,,1745209541,,,,90.48,9525600,,,62.60,62.70,300,825,2025-04-21 09:55:40.969
tf,NFO,79512,,,,,62.90,-58.51,,1745209541,,,,,,,,,,,,2025-04-21 09:55:41.617
tf,NFO,79512,,,,,62.60,-58.71,,1745209542,,,,,9527175,,,62.45,62.60,525,525,2025-04-21 09:55:42.491
tf,NFO,79512,,,,,62.55,-58.74,,1745209543,,,,,,,,,,,,2025-04-21 09:55:42.825
tf,NFO,79512,,,,,62.70,-58.64,,1745209543,,,,,,,,,,,,2025-04-21 09:55:43.648
tf,NFO,79512,,,,,62.45,-58.81,,1745209544,,,,90.46,9533325,,,62.65,62.80,450,375,2025-04-21 09:55:44.079
tf,NFO,79512,,,,,62.25,-58.94,,1745209544,,,,,,,,,,,,2025-04-21 09:55:44.626
tf,NFO,79512,,,,,63.40,-58.18,,1745209545,,,,,,,,,,,,2025-04-21 09:55:45.696
tf,NFO,79512,,,,,63.45,-58.15,,1745209546,,,,90.45,9536025,,,63.45,63.55,75,900,2025-04-21 09:55:45.887
tf,NFO,79512,,,,,63.35,-58.21,,1745209547,,,,,9537600,,,63.30,63.40,450,300,2025-04-21 09:55:47.492
tf,NFO,79512,,,,,63.20,-58.31,,1745209547,,,,,,,,,,,,2025-04-21 09:55:47.632
tf,NFO,79512,,,,,62.75,-58.61,,1745209548,,,,,,,,,,,,2025-04-21 09:55:48.638
tf,NFO,79512,,,,,62.80,-58.58,,1745209549,,,,90.44,9540750,,,62.75,62.90,150,3000,2025-04-21 09:55:49.086
tf,NFO,79512,,,,,62.75,-58.61,,1745209549,,,,,,,,,,,,2025-04-21 09:55:49.633
tf,NFO,79512,,,,,62.70,-58.64,,1745209551,,,,90.43,9542400,,,62.70,62.80,1275,75,2025-04-21 09:55:50.888
tf,NFO,79512,,,,,62.80,-58.58,,1745209551,,,,,,,,,,,,2025-04-21 09:55:51.657
tf,NFO,79512,,,,,63.20,-58.31,,1745209552,,,,,9544275,,,63.05,63.20,675,450,2025-04-21 09:55:52.628
tf,NFO,79512,,,,,63.55,-58.08,,1745209552,,,,,,,,,,,,2025-04-21 09:55:52.665
tf,NFO,79512,,,,,63.85,-57.88,,1745209553,,,,,,,,,,,,2025-04-21 09:55:53.652
tf,NFO,79512,,,,,63.60,-58.05,,1745209554,,,,90.42,9548175,,,63.45,63.60,375,900,2025-04-21 09:55:54.095
tf,NFO,79512,,,,,63.90,-57.85,,1745209554,,,,,,,,,,,,2025-04-21 09:55:54.635
tf,NFO,79512,,,,,63.80,-57.92,,1745209555,,,,,,,,,,,,2025-04-21 09:55:55.634
tf,NFO,79512,,,,,63.55,-58.08,,1745209556,,,,90.41,9552375,,,63.65,63.80,525,600,2025-04-21 09:55:55.896
tf,NFO,79512,,,,,63.95,-57.82,,1745209556,,,,,,,,,,,,2025-04-21 09:55:56.637
tf,NFO,79512,,,,,63.75,-57.95,,1745209557,,,,90.40,9553875,,,63.60,63.75,225,1050,2025-04-21 09:55:57.497
tf,NFO,79512,,,,,64.45,-57.49,,1745209558,,,,,,,,,,,,2025-04-21 09:55:58.645
tf,NFO,79512,,,,,64.75,-57.29,,1745209559,,,,90.37,9566925,,,64.85,64.95,825,75,2025-04-21 09:55:59.187
tf,NFO,79512,,,,,65.15,-57.03,,1745209559,,,,,,,,,,,,2025-04-21 09:55:59.637
tf,NFO,79512,,,,,65.55,-56.76,,1745209561,,,,,,,,,,,,2025-04-21 09:56:00.837
tf,NFO,79512,,,,,65.30,-56.93,,1745209561,,,,90.35,9571275,,,65.10,65.25,225,825,2025-04-21 09:56:00.904
tf,NFO,79512,,,,,65.45,-56.83,,1745209562,,,,90.32,9586050,,,65.45,65.60,825,600,2025-04-21 09:56:02.505
tf,NFO,79512,,,,,65.30,-56.93,,1745209563,,,,,,,,,,,,2025-04-21 09:56:03.639
tf,NFO,79512,,,,,65.80,-56.60,,1745209564,,,,90.30,9589950,,,65.60,65.80,450,1725,2025-04-21 09:56:04.113
tf,NFO,79512,,,,,65.65,-56.70,,1745209565,,,,,,,,,,,,2025-04-21 09:56:05.764
tf,NFO,79512,,,,,65.55,-56.76,,1745209566,,,,90.29,9595575,,,65.50,65.65,600,75,2025-04-21 09:56:05.943
tf,NFO,79512,,,,,65.35,-56.89,,1745209567,,,,,,,,,,,,2025-04-21 09:56:06.654
tf,NFO,79512,,,,,65.25,-56.96,,1745209567,,,,90.28,9599100,,,65.25,65.40,300,1125,2025-04-21 09:56:07.512
tf,NFO,79512,,,,,65.30,-56.93,,1745209568,,,,,,,,,,,,2025-04-21 09:56:07.639
tf,NFO,79512,,,,,64.70,-57.32,,1745209569,,,,,,,,,,,,2025-04-21 09:56:08.640
tf,NFO,79512,,,,,65.70,-56.66,,1745209569,,,,90.22,9621075,,,65.75,65.80,,75,2025-04-21 09:56:09.125
tf,NFO,79512,,,,,65.90,-56.53,,1745209570,,,,,,,,,,,,2025-04-21 09:56:09.642
tf,NFO,79512,,,,,66.00,-56.46,,1745209571,,,,,,,,,,,,2025-04-21 09:56:10.635
tf,NFO,79512,,,,,65.80,-56.60,,1745209571,,,,90.21,9627975,,,65.80,65.95,1350,225,2025-04-21 09:56:10.916
tf,NFO,79512,,,,,66.00,-56.46,,1745209572,,,,,,,,,,,,2025-04-21 09:56:11.771
tf,NFO,79512,,,,,65.90,-56.53,,1745209572,,,,90.20,9629775,,,65.60,65.80,1200,1575,2025-04-21 09:56:12.539
tf,NFO,79512,,,,,65.50,-56.79,,1745209574,,,,,,,,,,,,2025-04-21 09:56:13.726
tf,NFO,79512,,,,,65.75,-56.63,,1745209574,,,,90.19,9635925,,,65.55,65.70,825,375,2025-04-21 09:56:14.165
tf,NFO,79512,,,,,65.40,-56.86,,1745209575,,,,,,,,,,,,2025-04-21 09:56:14.749
tf,NFO,79512,,,,,65.25,-56.96,,1745209576,,,,,,,,,,,,2025-04-21 09:56:15.644
tf,NFO,79512,,,,,65.15,-57.03,,1745209576,,,,,9636375,,,65.25,65.40,375,450,2025-04-21 09:56:15.925
tf,NFO,79512,,,,,65.55,-56.76,,1745209577,,,,,,,,,,,,2025-04-21 09:56:16.661
tf,NFO,79512,,,,,65.20,-56.99,,1745209577,,,,90.18,9639225,,,65.40,65.60,1575,750,2025-04-21 09:56:17.530
tf,NFO,79512,,,,,65.30,-56.93,,1745209579,,,,,,,,,,,,2025-04-21 09:56:18.657
tf,NFO,79512,,,,,65.60,-56.73,,1745209579,,,,,9640200,,,65.55,65.75,1200,900,2025-04-21 09:56:19.259
tf,NFO,79512,,,,,65.35,-56.89,,1745209580,,,,,,,,,,,,2025-04-21 09:56:19.647
tf,NFO,79512,,,,,65.45,-56.83,,1745209581,,,,,,,,,,,,2025-04-21 09:56:20.644
tf,NFO,79512,,,,,,,,1745209581,,,,90.17,9641100,,,65.85,65.95,675,75,2025-04-21 09:56:20.938
tf,NFO,79512,,,,,66.00,-56.46,,1745209582,,,,,,,,,,,,2025-04-21 09:56:21.670
tf,NFO,79512,,,,,66.40,-56.20,,1745209582,,,,,9642375,,,66.30,66.40,75,2100,2025-04-21 09:56:22.537
tf,NFO,79512,,,,,66.30,-56.27,,1745209583,,,,,,,,,,,,2025-04-21 09:56:22.646
tf,NFO,79512,,,,,66.70,-56.00,,1745209584,,,,,,,,,,,,2025-04-21 09:56:23.646
tf,NFO,79512,,,,,66.90,-55.87,,1745209584,,,,90.15,9651000,,,66.70,66.90,1125,1200,2025-04-21 09:56:24.141
tf,NFO,79512,,,,,66.25,-56.30,,1745209585,,,,,,,,,,,,2025-04-21 09:56:24.649
tf,NFO,79512,,,,,66.90,-55.87,,1745209586,,,,,,,,,,,,2025-04-21 09:56:25.668
tf,NFO,79512,,,,,,,,1745209586,,,,90.14,9653475,,,66.65,66.80,750,225,2025-04-21 09:56:26.017
tf,NFO,79512,,,,,66.65,-56.04,,1745209587,,,,,,,,,,,,2025-04-21 09:56:26.647
tf,NFO,79512,,,,,67.20,-55.67,,1745209587,,,,90.13,9657975,,,67.20,67.40,1800,150,2025-04-21 09:56:27.554
tf,NFO,79512,,,,,67.05,-55.77,,1745209589,,,,,,,,,,,,2025-04-21 09:56:28.664
tf,NFO,79512,,,,,67.00,-55.80,,1745209589,,,,,9659850,,,66.65,66.80,150,675,2025-04-21 09:56:29.150
tf,NFO,79512,,,,,66.45,-56.17,,1745209590,,,,,,,,,,,,2025-04-21 09:56:29.650
tf,NFO,79512,,,,,66.50,-56.13,,1745209591,,,,,,,,,,,,2025-04-21 09:56:30.653
tf,NFO,79512,,,,,66.55,-56.10,,1745209591,,,,90.12,9663525,,,66.30,66.45,300,225,2025-04-21 09:56:30.948
tf,NFO,79512,,,,,65.80,-56.60,,1745209592,,,,,,,,,,,,2025-04-21 09:56:31.707
tf,NFO,79512,,,,,65.70,-56.66,,1745209592,,,,90.11,9665700,,,65.70,65.90,1200,1350,2025-04-21 09:56:32.605
tf,NFO,79512,,,,,65.75,-56.63,,1745209594,,,,,9667650,,,65.75,,300,1425,2025-04-21 09:56:34.155
tf,NFO,79512,,,,,65.80,-56.60,,1745209595,,,,,,,,,,,,2025-04-21 09:56:34.656
tf,NFO,79512,,,,,65.75,-56.63,,1745209596,,,,,,,,,,,,2025-04-21 09:56:35.654
tf,NFO,79512,,,,,65.55,-56.76,,1745209596,,,,90.10,9670050,,,65.40,65.55,450,150,2025-04-21 09:56:35.971
tf,NFO,79512,,,,,65.50,-56.79,,1745209597,,,,,,,,,,,,2025-04-21 09:56:36.657
tf,NFO,79512,,,,,65.25,-56.96,,1745209597,,,,,9671850,,,65.25,65.35,675,1875,2025-04-21 09:56:37.560
tf,NFO,79512,,,,,65.30,-56.93,,1745209598,,,,,,,,,,,,2025-04-21 09:56:37.657
tf,NFO,79512,,,,,65.25,-56.96,,1745209599,,,,,,,,,,,,2025-04-21 09:56:38.753
tf,NFO,79512,,,,,65.50,-56.79,,1745209599,,,,90.08,9677550,,,65.45,65.65,825,150,2025-04-21 09:56:39.168
tf,NFO,79512,,,,,65.55,-56.76,,1745209600,,,,,,,,,,,,2025-04-21 09:56:39.658
tf,NFO,79512,,,,,64.90,-57.19,,1745209601,,,,,,,,,,,,2025-04-21 09:56:40.657
tf,NFO,79512,,,,,,,,1745209601,,,,,9680025,,,64.65,64.80,375,525,2025-04-21 09:56:40.765
tf,NFO,79512,,,,,64.70,-57.32,,1745209602,,,,,,,,,,,,2025-04-21 09:56:41.657
tf,NFO,79512,,,,,65.05,-57.09,,1745209602,,,,90.07,9681750,,,64.95,65.10,,,2025-04-21 09:56:42.568
tf,NFO,79512,,,,,64.85,-57.22,,1745209603,,,,,,,,,,,,2025-04-21 09:56:42.657
tf,NFO,79512,,,,,64.90,-57.19,,1745209604,,,,,,,,,,,,2025-04-21 09:56:43.659
tf,NFO,79512,,,,,64.95,-57.16,,1745209604,,,,90.06,9685425,,,64.70,64.85,975,75,2025-04-21 09:56:44.170
tf,NFO,79512,,,,,64.65,-57.35,,1745209605,,,,,,,,,,,,2025-04-21 09:56:44.701
tf,NFO,79512,,,,,64.45,-57.49,,1745209606,,,,,,,,,,,,2025-04-21 09:56:45.719
tf,NFO,79512,,,,,,,,1745209606,,,,90.05,9691950,,,64.45,64.60,825,675,2025-04-21 09:56:45.894
tf,NFO,79512,,,,,64.60,-57.39,,1745209607,,,,,,,,,,,,2025-04-21 09:56:46.732
tf,NFO,79512,,,,,,,,1745209607,,,,90.04,9694050,,,64.40,,1050,975,2025-04-21 09:56:47.573
tf,NFO,79512,,,,,64.85,-57.22,,1745209609,,,,,,,,,,,,2025-04-21 09:56:48.673
tf,NFO,79512,,,,,65.35,-56.89,,1745209609,,,,,9695475,,,65.20,65.35,900,450,2025-04-21 09:56:49.199
tf,NFO,79512,,,,,64.80,-57.26,,1745209611,,,,,,,,,,,,2025-04-21 09:56:50.674
tf,NFO,79512,,,,,64.70,-57.32,,1745209611,,,,90.03,9698775,,,64.50,64.65,1350,225,2025-04-21 09:56:50.837
tf,NFO,79512,,,,,64.80,-57.26,,1745209612,,,,,,,,,,,,2025-04-21 09:56:52.286
tf,NFO,79512,,,,,64.85,-57.22,,1745209612,,,,90.02,9702225,,,64.90,65.00,900,150,2025-04-21 09:56:52.639
tf,NFO,79512,,,,,64.70,-57.32,,1745209614,,,,,,,,,,,,2025-04-21 09:56:53.662
tf,NFO,79512,,,,,64.95,-57.16,,1745209614,,,,,9702900,,,64.80,64.95,150,1725,2025-04-21 09:56:54.252
tf,NFO,79512,,,,,64.75,-57.29,,1745209615,,,,,,,,,,,,2025-04-21 09:56:54.669
tf,NFO,79512,,,,,64.50,-57.45,,1745209616,,,,,,,,,,,,2025-04-21 09:56:55.689
tf,NFO,79512,,,,,64.15,-57.68,,1745209616,,,,90.01,9705975,,,64.00,64.15,1125,225,2025-04-21 09:56:55.789
tf,NFO,79512,,,,,64.25,-57.62,,1745209617,,,,,,,,,,,,2025-04-21 09:56:56.667
tf,NFO,79512,,,,,64.30,-57.59,,1745209617,,,,,9706950,,,64.30,64.45,450,675,2025-04-21 09:56:57.588
tf,NFO,79512,,,,,64.25,-57.62,,1745209619,,,,,,,,,,,,2025-04-21 09:56:58.827
tf,NFO,79512,,,,,64.40,-57.52,,1745209619,,,,90.00,9709050,,,64.40,64.55,975,300,2025-04-21 09:56:59.244
tf,NFO,79512,,,,,64.00,-57.78,,1745209620,,,,,,,,,,,,2025-04-21 09:56:59.686
tf,NFO,79512,,,,,63.90,-57.85,,1745209621,,,,,,,,,,,,2025-04-21 09:57:00.672
tf,NFO,79512,,,,,63.80,-57.92,,1745209621,,,,89.99,9711300,,,63.80,63.95,1575,,2025-04-21 09:57:00.798
tf,NFO,79512,,,,,63.60,-58.05,,1745209622,,,,,,,,,,,,2025-04-21 09:57:01.671
tf,NFO,79512,,,,,63.75,-57.95,,1745209622,,,,89.97,9720975,,,,,75,1875,2025-04-21 09:57:02.599
tf,NFO,79512,,,,,63.90,-57.85,,1745209623,,,,,,,,,,,,2025-04-21 09:57:02.688
tf,NFO,79512,,,,,63.65,-58.01,,1745209624,,,,,,,,,,,,2025-04-21 09:57:03.672
tf,NFO,79512,,,,,64.10,-57.72,,1745209624,,,,89.96,9723225,,,64.05,64.20,300,675,2025-04-21 09:57:04.200
tf,NFO,79512,,,,,64.15,-57.68,,1745209625,,,,,,,,,,,,2025-04-21 09:57:04.796
tf,NFO,79512,,,,,64.10,-57.72,,1745209626,,,,,,,,,,,,2025-04-21 09:57:05.784
tf,NFO,79512,,,,,64.20,-57.65,,1745209626,,,,,9726075,,,64.10,64.25,75,1875,2025-04-21 09:57:05.805
tf,NFO,79512,,,,,63.95,-57.82,,1745209627,,,,,,,,,,,,2025-04-21 09:57:06.684
tf,NFO,79512,,,,,64.00,-57.78,,1745209627,,,,89.95,9728925,,,63.95,64.10,525,1425,2025-04-21 09:57:07.619
tf,NFO,79512,,,,,64.05,-57.75,,1745209629,,,,,,,,,,,,2025-04-21 09:57:08.679
tf,NFO,79512,,,,,64.00,-57.78,,1745209629,,,,89.94,9731775,,,63.70,63.85,675,300,2025-04-21 09:57:09.215
tf,NFO,79512,,,,,63.65,-58.01,,1745209630,,,,,,,,,,,,2025-04-21 09:57:09.695
tf,NFO,79512,,,,,63.55,-58.08,,1745209631,,,,,,,,,,,,2025-04-21 09:57:10.682
tf,NFO,79512,,,,,63.80,-57.92,,1745209631,,,,,9733275,,,63.65,63.80,525,525,2025-04-21 09:57:10.831
tf,NFO,79512,,,,,63.50,-58.11,,1745209632,,,,,,,,,,,,2025-04-21 09:57:11.728
tf,NFO,79512,,,,,,,,1745209632,,,,89.93,9734250,,,63.35,63.50,150,1350,2025-04-21 09:57:12.713
tf,NFO,79512,,,,,63.30,-58.25,,1745209633,,,,,,,,,,,,2025-04-21 09:57:12.756
tf,NFO,79512,,,,,63.65,-58.01,,1745209634,,,,,,,,,,,,2025-04-21 09:57:13.684
tf,NFO,79512,,,,,63.50,-58.11,,1745209634,,,,,9735825,,,63.25,63.40,,1200,2025-04-21 09:57:14.249
tf,NFO,79512,,,,,63.30,-58.25,,1745209635,,,,,,,,,,,,2025-04-21 09:57:14.682
tf,NFO,79512,,,,,63.05,-58.41,,1745209636,,,,,,,,,,,,2025-04-21 09:57:15.684
tf,NFO,79512,,,,,63.15,-58.34,,1745209636,,,,89.92,9739800,,,63.40,63.60,1725,1275,2025-04-21 09:57:15.832
tf,NFO,79512,,,,,64.00,-57.78,,1745209637,,,,,,,,,,,,2025-04-21 09:57:16.684
tf,NFO,79512,,,,,63.75,-57.95,,1745209637,,,,89.91,9741750,,,63.85,64.05,900,825,2025-04-21 09:57:17.620
tf,NFO,79512,,,,,63.90,-57.85,,1745209639,,,,,,,,,,,,2025-04-21 09:57:18.683
tf,NFO,79512,,,,,64.00,-57.78,,1745209639,,,,,9743325,,,63.80,63.95,1800,300,2025-04-21 09:57:19.272
tf,NFO,79512,,,,,63.90,-57.85,,1745209640,,,,,,,,,,,,2025-04-21 09:57:19.703
tf,NFO,79512,,,,,63.75,-57.95,,1745209641,,,,,,,,,,,,2025-04-21 09:57:20.731
tf,NFO,79512,,,,,63.50,-58.11,,1745209641,,,,,9743850,,,63.40,63.55,1425,150,2025-04-21 09:57:20.934
tf,NFO,79512,,,,,63.55,-58.08,,1745209642,,,,,,,,,,,,2025-04-21 09:57:21.687
tf,NFO,79512,,,,,63.50,-58.11,,1745209642,,,,89.90,9745950,,,63.35,63.50,600,1125,2025-04-21 09:57:22.627
tf,NFO,79512,,,,,63.20,-58.31,,1745209643,,,,,,,,,,,,2025-04-21 09:57:22.685
tf,NFO,79512,,,,,63.10,-58.38,,1745209644,,,,,,,,,,,,2025-04-21 09:57:23.690
tf,NFO,79512,,,,,63.00,-58.44,,1745209644,,,,89.88,9753900,,,63.00,63.10,75,150,2025-04-21 09:57:24.237
tf,NFO,79512,,,,,62.95,-58.48,,1745209645,,,,,,,,,,,,2025-04-21 09:57:24.790
tf,NFO,79512,,,,,63.50,-58.11,,1745209646,,,,,,,,,,,,2025-04-21 09:57:25.692
tf,NFO,79512,,,,,,,,1745209646,,,,89.87,9756075,,,63.50,63.65,750,525,2025-04-21 09:57:25.860
tf,NFO,79512,,,,,63.00,-58.44,,1745209647,,,,,,,,,,,,2025-04-21 09:57:26.689
tf,NFO,79512,,,,,62.95,-58.48,,1745209647,,,,,9758925,,,62.75,62.95,1575,750,2025-04-21 09:57:27.675
tf,NFO,79512,,,,,63.40,-58.18,,1745209649,,,,,,,,,,,,2025-04-21 09:57:28.691
tf,NFO,79512,,,,,63.00,-58.44,,1745209649,,,,89.86,9761625,,,63.15,63.35,,675,2025-04-21 09:57:29.239
tf,NFO,79512,,,,,63.20,-58.31,,1745209651,,,,,,,,,,,,2025-04-21 09:57:30.692
tf,NFO,79512,,,,,63.10,-58.38,,1745209651,,,,,9762225,,,63.10,63.25,750,150,2025-04-21 09:57:30.859
tf,NFO,79512,,,,,63.25,-58.28,,1745209652,,,,,,,,,,,,2025-04-21 09:57:31.733
tf,NFO,79512,,,,,63.15,-58.34,,1745209653,,,,89.85,9765000,,,63.00,63.20,1950,1200,2025-04-21 09:57:32.656
tf,NFO,79512,,,,,63.20,-58.31,,1745209654,,,,,,,,,,,,2025-04-21 09:57:33.703
tf,NFO,79512,,,,,63.40,-58.18,,1745209654,,,,89.84,9767925,,,63.15,63.30,525,1575,2025-04-21 09:57:34.245
tf,NFO,79512,,,,,63.15,-58.34,,1745209656,,,,,,,,,,,,2025-04-21 09:57:35.693
tf,NFO,79512,,,,,63.00,-58.44,,1745209656,,,,,9769425,,,63.00,63.15,1125,525,2025-04-21 09:57:35.849
tf,NFO,79512,,,,,,,,1745209657,,,,89.83,9770850,,,62.90,63.05,1050,375,2025-04-21 09:57:37.457
tf,NFO,79512,,,,,62.90,-58.51,,1745209658,,,,,,,,,,,,2025-04-21 09:57:37.701
tf,NFO,79512,,,,,62.85,-58.54,,1745209659,,,,,,,,,,,,2025-04-21 09:57:38.781
tf,NFO,79512,,,,,62.75,-58.61,,1745209659,,,,89.82,9774900,,,62.70,62.90,1650,1650,2025-04-21 09:57:39.144
tf,NFO,79512,,,,,62.70,-58.64,,1745209660,,,,,,,,,,,,2025-04-21 09:57:39.697
tf,NFO,79512,,,,,62.85,-58.54,,1745209661,,,,,,1296150,,,,,,2025-04-21 09:57:40.722
tf,NFO,79512,,,,,63.00,-58.44,,1745209661,,,,89.81,9778050,,,62.90,63.10,1425,1425,2025-04-21 09:57:40.854
tf,NFO,79512,,,,,63.10,-58.38,,1745209662,,,,,9778725,,,62.85,63.00,975,150,2025-04-21 09:57:42.485
tf,NFO,79512,,,,,63.15,-58.34,,1745209663,,,,,,,,,,,,2025-04-21 09:57:42.710
tf,NFO,79512,,,,,62.90,-58.51,,1745209664,,,,,,,,,,,,2025-04-21 09:57:43.703
tf,NFO,79512,,,,,,,,1745209664,,,,,9779475,,,62.70,62.85,600,900,2025-04-21 09:57:44.072
tf,NFO,79512,,,,,62.85,-58.54,,1745209665,,,,,,,,,,,,2025-04-21 09:57:44.738
tf,NFO,79512,,,,,63.05,-58.41,,1745209666,,,,,,,,,,,,2025-04-21 09:57:45.729
tf,NFO,79512,,,,,,,,1745209666,,,,,9780375,,,62.55,62.70,,825,2025-04-21 09:57:45.905
tf,NFO,79512,,,,,62.35,-58.87,,1745209667,,,,,,,,,,,,2025-04-21 09:57:46.702
tf,NFO,79512,,,,,62.50,-58.77,,1745209667,,,,89.80,9783900,,,62.35,62.50,525,1425,2025-04-21 09:57:47.467
tf,NFO,79512,,,,,62.80,-58.58,,1745209668,,,,,,,,,,,,2025-04-21 09:57:47.717
tf,NFO,79512,,,,,63.70,-57.98,,1745209669,,,,,,,,,,,,2025-04-21 09:57:48.903
tf,NFO,79512,,,,,,,,1745209669,,,,89.79,9785100,,,63.65,63.80,450,1500,2025-04-21 09:57:49.074
tf,NFO,79512,,,,,63.95,-57.82,,1745209671,,,,,,,,,,,,2025-04-21 09:57:50.704
tf,NFO,79512,,,,,63.90,-57.85,,1745209671,,,,,9787275,,,63.80,63.95,225,825,2025-04-21 09:57:50.873
tf,NFO,79512,,,,,64.35,-57.55,,1745209672,,,,,,,,,,,,2025-04-21 09:57:51.836
tf,NFO,79512,,,,,64.40,-57.52,,1745209672,,,,89.78,9789525,,,64.25,64.35,75,525,2025-04-21 09:57:52.479
tf,NFO,79512,,,,,64.85,-57.22,,1745209674,,,,,,,,,,,,2025-04-21 09:57:53.902
tf,NFO,79512,,,,,,,,1745209674,,,,,9792075,,,64.75,64.90,750,1125,2025-04-21 09:57:54.204
tf,NFO,79512,,,,,64.65,-57.35,,1745209676,,,,,,,,,,,,2025-04-21 09:57:55.714
tf,NFO,79512,,,,,,,,1745209676,,,,89.77,9793425,,,64.50,64.65,1350,1050,2025-04-21 09:57:55.879
tf,NFO,79512,,,,,64.70,-57.32,,1745209677,,,,,,,,,,,,2025-04-21 09:57:56.711
tf,NFO,79512,,,,,65.00,-57.12,,1745209677,,,,,9796125,,,64.90,65.00,900,150,2025-04-21 09:57:57.512
tf,NFO,79512,,,,,65.10,-57.06,,1745209678,,,,,,,,,,,,2025-04-21 09:57:57.798
tf,NFO,79512,,,,,64.85,-57.22,,1745209679,,,,89.76,9798000,,,64.80,64.90,300,1350,2025-04-21 09:57:59.295
tf,NFO,79512,,,,,64.10,-57.72,,1745209680,,,,,,,,,,,,2025-04-21 09:57:59.709
tf,NFO,79512,,,,,64.40,-57.52,,1745209681,,,,,,,,,,,,2025-04-21 09:58:00.751
tf,NFO,79512,,,,,,,,1745209681,,,,,9799800,,,64.25,64.35,975,150,2025-04-21 09:58:00.887
tf,NFO,79512,,,,,64.20,-57.65,,1745209682,,,,,,,,,,,,2025-04-21 09:58:01.710
tf,NFO,79512,,,,,64.25,-57.62,,1745209682,,,,89.75,9802500,,,64.15,64.25,,900,2025-04-21 09:58:02.494
tf,NFO,79512,,,,,63.65,-58.01,,1745209684,,,,,,,,,,,,2025-04-21 09:58:03.714
tf,NFO,79512,,,,,63.75,-57.95,,1745209684,,,,,9803775,,,63.40,63.55,825,525,2025-04-21 09:58:04.103
tf,NFO,79512,,,,,63.65,-58.01,,1745209685,,,,,,,,,,,,2025-04-21 09:58:04.805
tf,NFO,79512,,,,,63.55,-58.08,,1745209686,,,,,,,,,,,,2025-04-21 09:58:05.861
tf,NFO,79512,,,,,,,,1745209686,,,,89.74,9806025,,,63.55,63.65,525,1125,2025-04-21 09:58:06.001
tf,NFO,79512,,,,,63.60,-58.05,,1745209687,,,,,,,,,,,,2025-04-21 09:58:06.733
tf,NFO,79512,,,,,63.25,-58.28,,1745209687,,,,89.73,9808275,,,63.30,63.50,2325,1200,2025-04-21 09:58:07.516
tf,NFO,79512,,,,,63.50,-58.11,,1745209688,,,,,,,,,,,,2025-04-21 09:58:07.715
tf,NFO,79512,,,,,63.10,-58.38,,1745209689,,,,,,,,,,,,2025-04-21 09:58:08.715
tf,NFO,79512,,,,,63.20,-58.31,,1745209689,,,,,9809100,,,63.00,63.15,900,675,2025-04-21 09:58:09.135
tf,NFO,79512,,,,,62.85,-58.54,,1745209690,,,,,,,,,,,,2025-04-21 09:58:09.721
tf,NFO,79512,,,,,62.50,-58.77,,1745209691,,,,,9810750,,,62.35,62.45,450,75,2025-04-21 09:58:10.905
tf,NFO,79512,,,,,62.30,-58.91,,1745209692,,,,89.70,9820275,,,,62.50,150,1275,2025-04-21 09:58:12.584
tf,NFO,79512,,,,,62.40,-58.84,,1745209693,,,,,,,,,,,,2025-04-21 09:58:12.735
tf,NFO,79512,,,,,62.05,-59.07,,1745209694,,,,,9821700,,,62.05,62.25,825,1800,2025-04-21 09:58:14.125
tf,NFO,79512,,,,,62.40,-58.84,,1745209695,,,,,,,,,,,,2025-04-21 09:58:14.718
tf,NFO,79512,,,,,62.30,-58.91,,1745209696,,,,,,,,,,,,2025-04-21 09:58:15.717
tf,NFO,79512,,,,,62.20,-58.97,,1745209696,,,,89.69,9824700,,,62.20,62.30,1275,450,2025-04-21 09:58:15.913
tf,NFO,79512,,,,,62.05,-59.07,,1745209697,,,,,,,,,,,,2025-04-21 09:58:16.727
tf,NFO,79512,,,,,62.15,-59.00,,1745209697,,,,89.68,9828900,,,62.05,62.20,525,1200,2025-04-21 09:58:18.302
tf,NFO,79512,,,,,62.00,-59.10,,1745209698,,,,,,,,,,,,2025-04-21 09:58:18.342
tf,NFO,79512,,,,,62.05,-59.07,,1745209699,,,,,,,,,,,,2025-04-21 09:58:18.739
tf,NFO,79512,,,,,,,,1745209699,,,,89.66,9833175,,,61.95,62.05,1050,75,2025-04-21 09:58:19.140
tf,NFO,79512,,,,,62.10,-59.04,,1745209700,,,,,,,,,,,,2025-04-21 09:58:19.722
tf,NFO,79512,,,,,62.30,-58.91,,1745209701,,,,,,,,,,,,2025-04-21 09:58:20.729
tf,NFO,79512,,,,,,,,1745209701,,,,,9835425,,,62.30,62.45,1800,150,2025-04-21 09:58:20.926
tf,NFO,79512,,,,,62.25,-58.94,,1745209702,,,,,,,,,,,,2025-04-21 09:58:21.724
tf,NFO,79512,,,,,,,,1745209702,,,,89.65,9837075,,,62.25,62.40,300,1500,2025-04-21 09:58:22.527
tf,NFO,79512,,,,,62.20,-58.97,,1745209704,,,,,,,,,,,,2025-04-21 09:58:23.723
tf,NFO,79512,,,,,62.05,-59.07,,1745209704,,,,,9838200,,,62.00,62.15,450,1200,2025-04-21 09:58:24.143
tf,NFO,79512,,,,,62.15,-59.00,,1745209705,,,,,,,,,,,,2025-04-21 09:58:24.780
