t,e,tk,ts,pp,ls,ti,lp,pc,c,ft,o,h,l,ap,v,oi,poi,bp1,sp1,bq1,sq1,received_timestamp
tk,NFO,79508,NIFTY24APR25P23650,2,75,0.05,51.65,-56.72,119.35,1745209403,104.20,104.20,47.80,65.61,7357575,1493700,672450,51.75,51.90,825,750,2025-04-21 09:53:24.007
tf,NFO,79508,,,,,51.95,-56.47,,1745209404,,,,65.59,7367925,,,51.95,52.10,525,975,2025-04-21 09:53:24.060
tf,NFO,79508,,,,,52.25,-56.22,,1745209405,,,,,,,,,,,,2025-04-21 09:53:25.372
tf,NFO,79508,,,,,52.40,-56.10,,1745209405,,,,,7368450,,,52.20,52.35,1350,900,2025-04-21 09:53:25.621
tf,NFO,79508,,,,,,,,1745209407,,,,,7368750,,,52.30,52.45,,225,2025-04-21 09:53:27.254
tf,NFO,79508,,,,,52.80,-55.76,,1745209408,,,,,,,,,,,,2025-04-21 09:53:27.828
tf,NFO,79508,,,,,,,,1745209409,,,,65.58,7370100,,,52.85,53.00,2325,75,2025-04-21 09:53:29.101
tf,NFO,79508,,,,,52.95,-55.63,,1745209409,,,,,,,,,,,,2025-04-21 09:53:29.577
tf,NFO,79508,,,,,52.60,-55.93,,1745209410,,,,,,,,,,,,2025-04-21 09:53:30.374
tf,NFO,79508,,,,,52.55,-55.97,,1745209410,,,,,7371600,,,52.65,52.75,75,525,2025-04-21 09:53:30.622
tf,NFO,79508,,,,,53.10,-55.51,,1745209411,,,,,,,,,,,,2025-04-21 09:53:31.379
tf,NFO,79508,,,,,52.65,-55.89,,1745209412,,,,,7373775,,,52.70,52.85,600,675,2025-04-21 09:53:32.238
tf,NFO,79508,,,,,53.00,-55.59,,1745209412,,,,,,,,,,,,2025-04-21 09:53:32.383
tf,NFO,79508,,,,,53.35,-55.30,,1745209413,,,,,,,,,,,,2025-04-21 09:53:33.404
tf,NFO,79508,,,,,53.55,-55.13,,1745209414,,,,65.57,7374900,,,53.30,53.40,75,1350,2025-04-21 09:53:34.020
tf,NFO,79508,,,,,53.35,-55.30,,1745209415,,,,,,,,,,,,2025-04-21 09:53:35.378
tf,NFO,79508,,,,,,,,1745209415,,,,,7375575,,,53.35,,150,225,2025-04-21 09:53:35.642
tf,NFO,79508,,,,,53.10,-55.51,,1745209416,,,,,,,,,,,,2025-04-21 09:53:36.377
tf,NFO,79508,,,,,,,,1745209417,,,,,7376400,,,53.10,53.20,525,75,2025-04-21 09:53:37.240
tf,NFO,79508,,,,,52.60,-55.93,,1745209419,,,,,7379700,,,52.60,52.75,1275,300,2025-04-21 09:53:38.870
tf,NFO,79508,,,,,52.85,-55.72,,1745209419,,,,,,,,,,,,2025-04-21 09:53:39.481
tf,NFO,79508,,,,,52.45,-56.05,,1745209420,,,,,,,,,,,,2025-04-21 09:53:40.423
tf,NFO,79508,,,,,,,,1745209420,,,,65.56,7382025,,,52.20,52.30,150,900,2025-04-21 09:53:40.567
tf,NFO,79508,,,,,51.95,-56.47,,1745209421,,,,,,,,,,,,2025-04-21 09:53:41.390
tf,NFO,79508,,,,,52.45,-56.05,,1745209422,,,,,7385325,,,,52.35,1275,300,2025-04-21 09:53:42.251
tf,NFO,79508,,,,,52.80,-55.76,,1745209423,,,,,,,,,,,,2025-04-21 09:53:43.386
tf,NFO,79508,,,,,53.10,-55.51,,1745209424,,,,65.55,7387275,,,53.15,53.25,150,525,2025-04-21 09:53:43.859
tf,NFO,79508,,,,,52.70,-55.84,,1745209424,,,,,,,,,,,,2025-04-21 09:53:44.389
tf,NFO,79508,,,,,52.55,-55.97,,1745209425,,,,,,,,,,,,2025-04-21 09:53:45.382
tf,NFO,79508,,,,,,,,1745209425,,,,,7388325,,,52.85,53.00,225,1500,2025-04-21 09:53:45.460
tf,NFO,79508,,,,,52.85,-55.72,,1745209426,,,,,,,,,,,,2025-04-21 09:53:46.518
tf,NFO,79508,,,,,53.00,-55.59,,1745209427,,,,,7389150,,,52.70,52.85,1200,150,2025-04-21 09:53:47.268
tf,NFO,79508,,,,,52.85,-55.72,,1745209427,,,,,,,,,,,,2025-04-21 09:53:47.401
tf,NFO,79508,,,,,52.45,-56.05,,1745209428,,,,,,,,,,,,2025-04-21 09:53:48.387
tf,NFO,79508,,,,,52.40,-56.10,,1745209429,,,,,7389675,,,52.65,52.80,75,1650,2025-04-21 09:53:48.864
tf,NFO,79508,,,,,52.90,-55.68,,1745209430,,,,,,,,,,,,2025-04-21 09:53:50.385
tf,NFO,79508,,,,,,,,1745209430,,,,,7390275,,,52.90,53.00,1125,75,2025-04-21 09:53:50.465
tf,NFO,79508,,,,,52.65,-55.89,,1745209431,,,,,,,,,,,,2025-04-21 09:53:51.396
tf,NFO,79508,,,,,52.35,-56.14,,1745209432,,,,65.54,7392225,,,52.30,52.45,1425,150,2025-04-21 09:53:52.410
tf,NFO,79508,,,,,52.45,-56.05,,1745209432,,,,,,,,,,,,2025-04-21 09:53:52.480
tf,NFO,79508,,,,,52.35,-56.14,,1745209433,,,,,,,,,,,,2025-04-21 09:53:53.466
tf,NFO,79508,,,,,,,,1745209434,,,,,7393275,,,,,1800,75,2025-04-21 09:53:53.903
tf,NFO,79508,,,,,52.55,-55.97,,1745209435,,,,,,,,,,,,2025-04-21 09:53:55.456
tf,NFO,79508,,,,,,,,1745209435,,,,,7393950,,,52.45,52.60,975,750,2025-04-21 09:53:55.492
tf,NFO,79508,,,,,51.85,-56.56,,1745209436,,,,,,,,,,,,2025-04-21 09:53:56.407
tf,NFO,79508,,,,,51.90,-56.51,,1745209437,,,,,7395750,,,52.25,52.40,375,450,2025-04-21 09:53:57.255
tf,NFO,79508,,,,,52.60,-55.93,,1745209437,,,,,,,,,,,,2025-04-21 09:53:57.598
tf,NFO,79508,,,,,52.00,-56.43,,1745209438,,,,,,,,,,,,2025-04-21 09:53:58.392
tf,NFO,79508,,,,,52.05,-56.39,,1745209439,,,,,7396800,,,51.95,52.05,300,300,2025-04-21 09:53:58.934
tf,NFO,79508,,,,,51.70,-56.68,,1745209439,,,,,,,,,,,,2025-04-21 09:53:59.457
tf,NFO,79508,,,,,51.40,-56.93,,1745209440,,,,,,,,,,,,2025-04-21 09:54:00.422
tf,NFO,79508,,,,,,,,1745209440,,,,,7397175,,,51.70,51.85,1125,825,2025-04-21 09:54:00.633
tf,NFO,79508,,,,,51.85,-56.56,,1745209441,,,,,,,,,,,,2025-04-21 09:54:01.458
tf,NFO,79508,,,,,,,,1745209442,,,,65.52,7407300,,,51.50,51.65,1425,375,2025-04-21 09:54:02.301
tf,NFO,79508,,,,,51.35,-56.98,,1745209443,,,,,,,,,,,,2025-04-21 09:54:03.399
tf,NFO,79508,,,,,51.85,-56.56,,1745209444,,,,,7408050,,,51.80,51.95,675,1950,2025-04-21 09:54:03.892
tf,NFO,79508,,,,,52.10,-56.35,,1745209444,,,,,,,,,,,,2025-04-21 09:54:04.399
tf,NFO,79508,,,,,51.95,-56.47,,1745209445,,,,,,,,,,,,2025-04-21 09:54:05.397
tf,NFO,79508,,,,,,,,1745209445,,,,65.51,7408725,,,,,1200,675,2025-04-21 09:54:05.569
tf,NFO,79508,,,,,52.45,-56.05,,1745209446,,,,,,,,,,,,2025-04-21 09:54:06.397
tf,NFO,79508,,,,,52.30,-56.18,,1745209447,,,,,7409925,,,51.90,52.05,1950,,2025-04-21 09:54:07.273
tf,NFO,79508,,,,,51.75,-56.64,,1745209447,,,,,,,,,,,,2025-04-21 09:54:07.406
tf,NFO,79508,,,,,51.65,-56.72,,1745209448,,,,,,,,,,,,2025-04-21 09:54:08.399
tf,NFO,79508,,,,,52.00,-56.43,,1745209449,,,,,7411500,,,,,1500,450,2025-04-21 09:54:08.895
tf,NFO,79508,,,,,51.90,-56.51,,1745209449,,,,,,,,,,,,2025-04-21 09:54:09.399
tf,NFO,79508,,,,,52.00,-56.43,,1745209450,,,,,,,,,,,,2025-04-21 09:54:10.402
tf,NFO,79508,,,,,,,,1745209450,,,,,7412700,,,52.25,52.35,225,900,2025-04-21 09:54:10.481
tf,NFO,79508,,,,,52.20,-56.26,,1745209451,,,,,,,,,,,,2025-04-21 09:54:11.401
tf,NFO,79508,,,,,,,,1745209452,,,,65.50,7414275,,,52.10,52.20,300,450,2025-04-21 09:54:12.302
tf,NFO,79508,,,,,52.25,-56.22,,1745209452,,,,,,,,,,,,2025-04-21 09:54:12.923
tf,NFO,79508,,,,,52.40,-56.10,,1745209453,,,,,,,,,,,,2025-04-21 09:54:13.561
tf,NFO,79508,,,,,52.15,-56.30,,1745209454,,,,,7417650,,,52.20,52.35,1500,525,2025-04-21 09:54:13.980
tf,NFO,79508,,,,,52.30,-56.18,,1745209454,,,,,,,,,,,,2025-04-21 09:54:14.487
tf,NFO,79508,,,,,51.85,-56.56,,1745209455,,,,,,,,,,,,2025-04-21 09:54:15.430
tf,NFO,79508,,,,,,,,1745209455,,,,,7418250,,,51.80,51.95,1425,,2025-04-21 09:54:15.516
tf,NFO,79508,,,,,51.20,-57.10,,1745209456,,,,,,,,,,,,2025-04-21 09:54:16.420
tf,NFO,79508,,,,,51.50,-56.85,,1745209457,,,,65.49,7419525,,,51.45,51.60,1050,450,2025-04-21 09:54:17.305
tf,NFO,79508,,,,,51.65,-56.72,,1745209458,,,,,,,,,,,,2025-04-21 09:54:18.419
tf,NFO,79508,,,,,,,,1745209459,,,,,7419750,,,51.30,51.40,75,375,2025-04-21 09:54:19.110
tf,NFO,79508,,,,,50.85,-57.39,,1745209459,,,,,,,,,,,,2025-04-21 09:54:20.068
tf,NFO,79508,,,,,50.70,-57.52,,1745209460,,,,,,,,,,,,2025-04-21 09:54:20.496
tf,NFO,79508,,,,,,,,1745209460,,,,,7423200,,,50.55,50.70,450,1125,2025-04-21 09:54:20.585
tf,NFO,79508,,,,,50.50,-57.69,,1745209461,,,,,,,,,,,,2025-04-21 09:54:21.416
tf,NFO,79508,,,,,50.20,-57.94,,1745209462,,,,65.47,7430400,,,50.15,50.30,1575,825,2025-04-21 09:54:22.476
tf,NFO,79508,,,,,50.35,-57.81,,1745209462,,,,,,,,,,,,2025-04-21 09:54:22.515
tf,NFO,79508,,,,,50.30,-57.86,,1745209463,,,,,,,,,,,,2025-04-21 09:54:23.408
tf,NFO,79508,,,,,50.00,-58.11,,1745209464,,,,65.45,7441500,,,49.95,50.05,300,450,2025-04-21 09:54:24.016
tf,NFO,79508,,,,,50.05,-58.06,,1745209464,,,,,,,,,,,,2025-04-21 09:54:24.478
tf,NFO,79508,,,,,50.25,-57.90,,1745209465,,,,,,,,,,,,2025-04-21 09:54:25.608
tf,NFO,79508,,,,,,,,1745209465,,,,65.44,7446750,,,50.20,50.35,1725,375,2025-04-21 09:54:25.670
tf,NFO,79508,,,,,50.40,-57.77,,1745209466,,,,,,,,,,,,2025-04-21 09:54:26.622
tf,NFO,79508,,,,,50.15,-57.98,,1745209467,,,,65.43,7448625,,,50.10,50.25,1350,75,2025-04-21 09:54:27.311
tf,NFO,79508,,,,,50.30,-57.86,,1745209468,,,,,,,,,,,,2025-04-21 09:54:28.410
tf,NFO,79508,,,,,50.25,-57.90,,1745209469,,,,,7450200,,,50.20,50.35,1275,900,2025-04-21 09:54:28.949
tf,NFO,79508,,,,,50.00,-58.11,,1745209469,,,,,,,,,,,,2025-04-21 09:54:29.428
tf,NFO,79508,,,,,50.55,-57.65,,1745209470,,,,,,,,,,,,2025-04-21 09:54:30.504
tf,NFO,79508,,,,,50.40,-57.77,,1745209470,,,,,7453200,,,50.40,50.55,1350,600,2025-04-21 09:54:30.542
tf,NFO,79508,,,,,49.90,-58.19,,1745209471,,,,,,,,,,,,2025-04-21 09:54:31.416
tf,NFO,79508,,,,,50.10,-58.02,,1745209472,,,,65.42,7457400,,,50.15,50.35,1125,1050,2025-04-21 09:54:32.321
tf,NFO,79508,,,,,50.30,-57.86,,1745209472,,,,,,,,,,,,2025-04-21 09:54:32.553
tf,NFO,79508,,,,,50.60,-57.60,,1745209473,,,,,,,,,,,,2025-04-21 09:54:33.442
tf,NFO,79508,,,,,50.35,-57.81,,1745209474,,,,65.41,7458750,,,50.05,50.25,1200,1275,2025-04-21 09:54:34.048
tf,NFO,79508,,,,,50.00,-58.11,,1745209474,,,,,,,,,,,,2025-04-21 09:54:34.418
tf,NFO,79508,,,,,50.40,-57.77,,1745209475,,,,,,,,,,,,2025-04-21 09:54:35.464
tf,NFO,79508,,,,,,,,1745209475,,,,,7460700,,,50.20,50.35,1725,525,2025-04-21 09:54:35.731
tf,NFO,79508,,,,,50.20,-57.94,,1745209476,,,,,,,,,,,,2025-04-21 09:54:36.419
tf,NFO,79508,,,,,50.05,-58.06,,1745209477,,,,,7461900,,,50.05,50.20,1050,1125,2025-04-21 09:54:37.149
tf,NFO,79508,,,,,49.90,-58.19,,1745209477,,,,,,,,,,,,2025-04-21 09:54:37.416
tf,NFO,79508,,,,,50.25,-57.90,,1745209478,,,,,,,,,,,,2025-04-21 09:54:38.423
tf,NFO,79508,,,,,49.95,-58.15,,1745209479,,,,,7462725,,,50.10,50.25,1350,600,2025-04-21 09:54:38.978
tf,NFO,79508,,,,,49.90,-58.19,,1745209479,,,,,,1511700,,,,,,2025-04-21 09:54:39.560
tf,NFO,79508,,,,,49.50,-58.53,,1745209480,,,,,,,,,,,,2025-04-21 09:54:40.422
tf,NFO,79508,,,,,,,,1745209480,,,,65.40,7466175,,,49.55,49.65,1200,450,2025-04-21 09:54:40.519
tf,NFO,79508,,,,,49.40,-58.61,,1745209481,,,,,,,,,,,,2025-04-21 09:54:41.416
tf,NFO,79508,,,,,49.30,-58.69,,1745209482,,,,65.39,7469100,,,49.30,49.35,225,225,2025-04-21 09:54:42.120
tf,NFO,79508,,,,,49.45,-58.57,,1745209482,,,,,,,,,,,,2025-04-21 09:54:42.432
tf,NFO,79508,,,,,49.50,-58.53,,1745209483,,,,,,,,,,,,2025-04-21 09:54:43.418
tf,NFO,79508,,,,,49.60,-58.44,,1745209484,,,,65.36,7482675,,,49.50,49.65,1350,750,2025-04-21 09:54:43.926
tf,NFO,79508,,,,,49.55,-58.48,,1745209484,,,,,,,,,,,,2025-04-21 09:54:44.425
tf,NFO,79508,,,,,,,,1745209485,,,,,7483050,,,49.20,49.30,825,225,2025-04-21 09:54:45.619
tf,NFO,79508,,,,,49.35,-58.65,,1745209486,,,,,,,,,,,,2025-04-21 09:54:45.845
tf,NFO,79508,,,,,49.30,-58.69,,1745209486,,,,,,,,,,,,2025-04-21 09:54:46.517
tf,NFO,79508,,,,,49.35,-58.65,,1745209487,,,,,7485450,,,49.15,,1800,300,2025-04-21 09:54:47.157
tf,NFO,79508,,,,,49.25,-58.73,,1745209487,,,,,,,,,,,,2025-04-21 09:54:47.527
tf,NFO,79508,,,,,48.90,-59.03,,1745209488,,,,,,,,,,,,2025-04-21 09:54:48.426
tf,NFO,79508,,,,,49.05,-58.90,,1745209489,,,,65.34,7491675,,,49.00,49.10,300,1425,2025-04-21 09:54:48.933
tf,NFO,79508,,,,,49.40,-58.61,,1745209490,,,,,7494600,,,49.05,49.15,,300,2025-04-21 09:54:50.533
tf,NFO,79508,,,,,48.95,-58.99,,1745209490,,,,,,,,,,,,2025-04-21 09:54:50.621
tf,NFO,79508,,,,,49.50,-58.53,,1745209491,,,,,,,,,,,,2025-04-21 09:54:51.424
tf,NFO,79508,,,,,49.70,-58.36,,1745209492,,,,65.33,7496100,,,49.50,49.65,1275,,2025-04-21 09:54:52.290
tf,NFO,79508,,,,,49.25,-58.73,,1745209492,,,,,,,,,,,,2025-04-21 09:54:52.456
tf,NFO,79508,,,,,48.60,-59.28,,1745209493,,,,,,,,,,,,2025-04-21 09:54:53.475
tf,NFO,79508,,,,,48.75,-59.15,,1745209494,,,,,7499625,,,48.75,48.90,1050,1275,2025-04-21 09:54:53.951
tf,NFO,79508,,,,,48.70,-59.20,,1745209494,,,,,,,,,,,,2025-04-21 09:54:54.425
tf,NFO,79508,,,,,48.75,-59.15,,1745209495,,,,,,,,,,,,2025-04-21 09:54:55.428
tf,NFO,79508,,,,,48.70,-59.20,,1745209495,,,,65.32,7501200,,,48.70,48.80,750,375,2025-04-21 09:54:55.571
tf,NFO,79508,,,,,49.15,-58.82,,1745209497,,,,,7502775,,,49.20,49.30,150,,2025-04-21 09:54:57.195
tf,NFO,79508,,,,,49.40,-58.61,,1745209497,,,,,,,,,,,,2025-04-21 09:54:57.463
tf,NFO,79508,,,,,49.10,-58.86,,1745209498,,,,,,,,,,,,2025-04-21 09:54:58.601
tf,NFO,79508,,,,,49.05,-58.90,,1745209499,,,,,7503825,,,48.90,49.00,300,600,2025-04-21 09:54:59.107
tf,NFO,79508,,,,,48.65,-59.24,,1745209499,,,,,,,,,,,,2025-04-21 09:54:59.798
tf,NFO,79508,,,,,48.40,-59.45,,1745209500,,,,,,,,,,,,2025-04-21 09:55:00.500
tf,NFO,79508,,,,,,,,1745209500,,,,65.30,7512600,,,48.25,48.40,600,1500,2025-04-21 09:55:00.618
tf,NFO,79508,,,,,48.80,-59.11,,1745209501,,,,,,,,,,,,2025-04-21 09:55:01.440
tf,NFO,79508,,,,,49.00,-58.94,,1745209502,,,,65.29,7517925,,,48.95,49.10,1575,1725,2025-04-21 09:55:02.178
tf,NFO,79508,,,,,49.30,-58.69,,1745209502,,,,,,,,,,,,2025-04-21 09:55:02.436
tf,NFO,79508,,,,,49.00,-58.94,,1745209503,,,,,,,,,,,,2025-04-21 09:55:03.434
tf,NFO,79508,,,,,48.90,-59.03,,1745209504,,,,65.28,7522050,,,49.15,49.25,975,150,2025-04-21 09:55:03.954
tf,NFO,79508,,,,,48.80,-59.11,,1745209504,,,,,,,,,,,,2025-04-21 09:55:04.439
tf,NFO,79508,,,,,48.55,-59.32,,1745209505,,,,,,,,,,,,2025-04-21 09:55:05.485
tf,NFO,79508,,,,,,,,1745209505,,,,65.26,7528875,,,48.55,48.70,375,1650,2025-04-21 09:55:05.759
tf,NFO,79508,,,,,48.65,-59.24,,1745209506,,,,,,,,,,,,2025-04-21 09:55:06.554
tf,NFO,79508,,,,,48.10,-59.70,,1745209507,,,,,7531575,,,48.15,48.25,150,75,2025-04-21 09:55:07.190
tf,NFO,79508,,,,,48.40,-59.45,,1745209507,,,,,,,,,,,,2025-04-21 09:55:07.439
tf,NFO,79508,,,,,47.85,-59.91,,1745209508,,,,,,,,,,,,2025-04-21 09:55:08.503
tf,NFO,79508,,,,,47.80,-59.95,,1745209509,,,47.75,65.22,7547550,,,47.70,47.85,1350,975,2025-04-21 09:55:08.959
tf,NFO,79508,,,,,47.70,-60.03,,1745209509,,,,,,,,,,,,2025-04-21 09:55:09.438
tf,NFO,79508,,,,,47.55,-60.16,,1745209510,,,,,,,,,,,,2025-04-21 09:55:10.443
tf,NFO,79508,,,,,47.60,-60.12,,1745209510,,,47.50,65.19,7559175,,,47.65,47.80,150,1575,2025-04-21 09:55:10.576
tf,NFO,79508,,,,,47.35,-60.33,,1745209512,,,,,,,,,,,,2025-04-21 09:55:11.645
tf,NFO,79508,,,,,47.15,-60.49,,1745209512,,,47.05,65.18,7565100,,,47.15,47.30,1425,1425,2025-04-21 09:55:12.241
tf,NFO,79508,,,,,47.25,-60.41,,1745209513,,,,,,,,,,,,2025-04-21 09:55:13.454
tf,NFO,79508,,,,,,,,1745209514,,,46.95,65.16,7571400,,,,,750,1500,2025-04-21 09:55:13.965
tf,NFO,79508,,,,,47.10,-60.54,,1745209514,,,,,,,,,,,,2025-04-21 09:55:14.446
tf,NFO,79508,,,,,45.95,-61.50,,1745209515,,,45.95,65.14,7583100,,,45.95,46.00,225,150,2025-04-21 09:55:15.586
tf,NFO,79508,,,,,46.10,-61.37,,1745209516,,,,,,,,,,,,2025-04-21 09:55:15.644
tf,NFO,79508,,,,,44.10,-63.05,,1745209517,,,44.00,65.01,7629750,,,43.95,44.10,750,900,2025-04-21 09:55:17.209
tf,NFO,79508,,,,,44.20,-62.97,,1745209517,,,,,,,,,,,,2025-04-21 09:55:17.455
tf,NFO,79508,,,,,44.00,-63.13,,1745209518,,,,,,,,,,,,2025-04-21 09:55:18.453
tf,NFO,79508,,,,,43.95,-63.18,,1745209519,,,43.80,64.96,7650975,,,43.85,43.95,150,450,2025-04-21 09:55:19.036
tf,NFO,79508,,,,,44.20,-62.97,,1745209520,,,,,,,,,,,,2025-04-21 09:55:19.877
tf,NFO,79508,,,,,44.00,-63.13,,1745209520,,,,,,,,,,,,2025-04-21 09:55:20.447
tf,NFO,79508,,,,,44.15,-63.01,,1745209520,,,43.60,64.89,7674075,,,44.05,44.15,225,1050,2025-04-21 09:55:20.591
tf,NFO,79508,,,,,44.05,-63.09,,1745209521,,,,,,,,,,,,2025-04-21 09:55:21.478
tf,NFO,79508,,,,,43.80,-63.30,,1745209522,,,,64.86,7687350,,,43.80,43.95,1500,1275,2025-04-21 09:55:22.199
tf,NFO,79508,,,,,44.40,-62.80,,1745209523,,,,,,,,,,,,2025-04-21 09:55:22.646
tf,NFO,79508,,,,,44.55,-62.67,,1745209523,,,,,,,,,,,,2025-04-21 09:55:23.447
tf,NFO,79508,,,,,45.10,-62.21,,1745209524,,,,64.80,7708725,,,45.00,45.15,1200,375,2025-04-21 09:55:23.981
tf,NFO,79508,,,,,44.90,-62.38,,1745209524,,,,,,,,,,,,2025-04-21 09:55:24.455
tf,NFO,79508,,,,,45.25,-62.09,,1745209525,,,,,,,,,,,,2025-04-21 09:55:25.686
tf,NFO,79508,,,,,45.30,-62.04,,1745209525,,,,64.79,7712475,,,45.25,45.40,450,1200,2025-04-21 09:55:25.693
tf,NFO,79508,,,,,45.25,-62.09,,1745209526,,,,,,,,,,,,2025-04-21 09:55:26.489
tf,NFO,79508,,,,,44.65,-62.59,,1745209527,,,,64.78,7716000,,,44.60,44.75,900,600,2025-04-21 09:55:27.193
tf,NFO,79508,,,,,44.55,-62.67,,1745209528,,,,,,,,,,,,2025-04-21 09:55:27.645
tf,NFO,79508,,,,,44.10,-63.05,,1745209528,,,,,,,,,,,,2025-04-21 09:55:28.447
tf,NFO,79508,,,,,44.15,-63.01,,1745209529,,,,64.77,7718625,,,44.05,44.15,225,300,2025-04-21 09:55:28.816
tf,NFO,79508,,,,,44.30,-62.88,,1745209529,,,,,,,,,,,,2025-04-21 09:55:29.457
tf,NFO,79508,,,,,44.65,-62.59,,1745209530,,,,64.76,7725450,,,44.65,44.80,1125,1800,2025-04-21 09:55:30.420
tf,NFO,79508,,,,,45.30,-62.04,,1745209531,,,,,,,,,,,,2025-04-21 09:55:31.458
tf,NFO,79508,,,,,,,,1745209532,,,,64.70,7746225,,,45.05,45.20,1875,675,2025-04-21 09:55:32.197
tf,NFO,79508,,,,,45.15,-62.17,,1745209532,,,,,,,,,,,,2025-04-21 09:55:32.624
tf,NFO,79508,,,,,44.90,-62.38,,1745209533,,,,,,,,,,,,2025-04-21 09:55:33.462
tf,NFO,79508,,,,,45.20,-62.13,,1745209534,,,,64.69,7750275,,,45.10,45.25,2400,1050,2025-04-21 09:55:33.815
tf,NFO,79508,,,,,45.15,-62.17,,1745209534,,,,,,,,,,,,2025-04-21 09:55:34.461
tf,NFO,79508,,,,,45.45,-61.92,,1745209535,,,,64.67,7760250,,,45.45,45.55,375,525,2025-04-21 09:55:35.430
tf,NFO,79508,,,,,45.55,-61.83,,1745209536,,,,,,,,,,,,2025-04-21 09:55:35.651
tf,NFO,79508,,,,,45.30,-62.04,,1745209536,,,,,,,,,,,,2025-04-21 09:55:36.462
tf,NFO,79508,,,,,45.10,-62.21,,1745209537,,,,64.65,7766550,,,45.05,45.10,150,375,2025-04-21 09:55:37.032
tf,NFO,79508,,,,,44.80,-62.46,,1745209537,,,,,,,,,,,,2025-04-21 09:55:37.454
tf,NFO,79508,,,,,44.85,-62.42,,1745209538,,,,,,,,,,,,2025-04-21 09:55:38.474
tf,NFO,79508,,,,,45.15,-62.17,,1745209539,,,,64.64,7772700,,,44.95,,1425,1275,2025-04-21 09:55:38.958
tf,NFO,79508,,,,,45.00,-62.30,,1745209539,,,,,,,,,,,,2025-04-21 09:55:39.570
tf,NFO,79508,,,,,45.15,-62.17,,1745209540,,,,64.63,7774050,,,45.00,45.15,1725,525,2025-04-21 09:55:40.550
tf,NFO,79508,,,,,45.00,-62.30,,1745209541,,,,,,,,,,,,2025-04-21 09:55:41.575
tf,NFO,79508,,,,,45.20,-62.13,,1745209542,,,,64.62,7779525,,,,,675,900,2025-04-21 09:55:42.065
tf,NFO,79508,,,,,44.95,-62.34,,1745209542,,,,,,,,,,,,2025-04-21 09:55:42.466
tf,NFO,79508,,,,,45.00,-62.30,,1745209543,,,,,,,,,,,,2025-04-21 09:55:43.461
tf,NFO,79508,,,,,44.85,-62.42,,1745209544,,,,64.60,7786875,,,44.90,45.00,1050,225,2025-04-21 09:55:43.811
tf,NFO,79508,,,,,45.00,-62.30,,1745209544,,,,,,,,,,,,2025-04-21 09:55:44.459
tf,NFO,79508,,,,,45.15,-62.17,,1745209545,,,,64.59,7791075,,,45.40,45.55,1200,750,2025-04-21 09:55:45.508
tf,NFO,79508,,,,,45.55,-61.83,,1745209546,,,,,,,,,,,,2025-04-21 09:55:46.533
tf,NFO,79508,,,,,45.70,-61.71,,1745209547,,,,,7791450,,,45.50,45.60,,225,2025-04-21 09:55:47.047
tf,NFO,79508,,,,,45.55,-61.83,,1745209547,,,,,,,,,,,,2025-04-21 09:55:47.460
tf,NFO,79508,,,,,45.10,-62.21,,1745209548,,,,,,,,,,,,2025-04-21 09:55:48.464
tf,NFO,79508,,,,,44.95,-62.34,,1745209549,,,,64.57,7799550,,,44.85,45.00,750,2250,2025-04-21 09:55:48.827
tf,NFO,79508,,,,,45.20,-62.13,,1745209549,,,,,,,,,,,,2025-04-21 09:55:49.470
tf,NFO,79508,,,,,45.10,-62.21,,1745209550,,,,,7800975,,,45.05,45.20,825,1650,2025-04-21 09:55:50.447
tf,NFO,79508,,,,,45.15,-62.17,,1745209552,,,,,,,,,,,,2025-04-21 09:55:51.662
tf,NFO,79508,,,,,45.00,-62.30,,1745209552,,,,64.56,7803075,,,45.15,45.30,1350,1725,2025-04-21 09:55:52.262
tf,NFO,79508,,,,,45.05,-62.25,,1745209552,,,,,,,,,,,,2025-04-21 09:55:52.470
tf,NFO,79508,,,,,45.70,-61.71,,1745209553,,,,,,,,,,,,2025-04-21 09:55:53.462
tf,NFO,79508,,,,,45.75,-61.67,,1745209554,,,,64.55,7807050,,,45.60,45.70,75,,2025-04-21 09:55:53.834
tf,NFO,79508,,,,,45.80,-61.63,,1745209554,,,,,,,,,,,,2025-04-21 09:55:54.464
tf,NFO,79508,,,,,45.55,-61.83,,1745209555,,,,64.54,7810875,,,45.45,45.60,2025,1425,2025-04-21 09:55:55.437
tf,NFO,79508,,,,,45.75,-61.67,,1745209556,,,,,,,,,,,,2025-04-21 09:55:56.476
tf,NFO,79508,,,,,45.85,-61.58,,1745209557,,,,,7811925,,,45.75,45.90,600,2400,2025-04-21 09:55:57.053
tf,NFO,79508,,,,,46.10,-61.37,,1745209558,,,,,,,,,,,,2025-04-21 09:55:58.542
tf,NFO,79508,,,,,46.25,-61.25,,1745209559,,,,64.52,7821750,,,46.25,46.35,150,525,2025-04-21 09:55:58.838
tf,NFO,79508,,,,,46.70,-60.87,,1745209560,,,,,,,,,,,,2025-04-21 09:55:59.669
tf,NFO,79508,,,,,46.80,-60.79,,1745209560,,,,64.48,7835850,,,46.75,46.90,1275,150,2025-04-21 09:56:00.444
tf,NFO,79508,,,,,46.90,-60.70,,1745209560,,,,,,,,,,,,2025-04-21 09:56:00.474
tf,NFO,79508,,,,,46.85,-60.75,,1745209561,,,,,,,,,,,,2025-04-21 09:56:01.479
tf,NFO,79508,,,,,,,,1745209562,,,,,7837425,,,46.80,46.85,150,75,2025-04-21 09:56:02.056
tf,NFO,79508,,,,,47.00,-60.62,,1745209563,,,,,,,,,,,,2025-04-21 09:56:02.671
tf,NFO,79508,,,,,46.90,-60.70,,1745209563,,,,,,,,,,,,2025-04-21 09:56:03.489
tf,NFO,79508,,,,,47.00,-60.62,,1745209564,,,,,7839375,,,47.10,47.20,525,375,2025-04-21 09:56:03.845
tf,NFO,79508,,,,,47.20,-60.45,,1745209564,,,,,,,,,,,,2025-04-21 09:56:04.485
tf,NFO,79508,,,,,47.10,-60.54,,1745209565,,,,64.47,7842225,,,47.00,47.15,825,1575,2025-04-21 09:56:05.517
tf,NFO,79508,,,,,47.00,-60.62,,1745209566,,,,,,,,,,,,2025-04-21 09:56:06.475
tf,NFO,79508,,,,,46.90,-60.70,,1745209567,,,,64.46,7844250,,,46.70,46.80,75,375,2025-04-21 09:56:07.081
tf,NFO,79508,,,,,46.85,-60.75,,1745209567,,,,,,,,,,,,2025-04-21 09:56:07.474
tf,NFO,79508,,,,,46.45,-61.08,,1745209568,,,,,,,,,,,,2025-04-21 09:56:08.478
tf,NFO,79508,,,,,47.00,-60.62,,1745209569,,,,64.43,7857525,,,,46.75,300,75,2025-04-21 09:56:08.852
tf,NFO,79508,,,,,47.25,-60.41,,1745209569,,,,,,,,,,,,2025-04-21 09:56:09.479
tf,NFO,79508,,,,,47.40,-60.28,,1745209570,,,,64.41,7868850,,,47.45,47.55,450,375,2025-04-21 09:56:10.476
tf,NFO,79508,,,,,47.25,-60.41,,1745209571,,,,,,,,,,,,2025-04-21 09:56:11.522
tf,NFO,79508,,,,,47.10,-60.54,,1745209572,,,,64.39,7876425,,,47.05,47.15,900,450,2025-04-21 09:56:12.126
tf,NFO,79508,,,,,47.05,-60.58,,1745209573,,,,,,,,,,,,2025-04-21 09:56:13.553
tf,NFO,79508,,,,,47.00,-60.62,,1745209574,,,,64.36,7890825,,,47.00,,1425,6600,2025-04-21 09:56:13.941
tf,NFO,79508,,,,,46.80,-60.79,,1745209574,,,,,,,,,,,,2025-04-21 09:56:14.551
tf,NFO,79508,,,,,46.75,-60.83,,1745209575,,,,,7893675,,,46.60,46.75,2175,1050,2025-04-21 09:56:15.478
tf,NFO,79508,,,,,47.05,-60.58,,1745209576,,,,,,,,,,,,2025-04-21 09:56:16.481
tf,NFO,79508,,,,,46.95,-60.66,,1745209577,,,,64.35,7896900,,,46.85,46.95,1050,675,2025-04-21 09:56:17.069
tf,NFO,79508,,,,,46.65,-60.91,,1745209578,,,,,,,,,,,,2025-04-21 09:56:18.511
tf,NFO,79508,,,,,46.80,-60.79,,1745209579,,,,64.34,7899975,,,,46.90,375,75,2025-04-21 09:56:18.922
tf,NFO,79508,,,,,46.90,-60.70,,1745209580,,,,,,,,,,,,2025-04-21 09:56:19.680
tf,NFO,79508,,,,,47.00,-60.62,,1745209580,,,,64.33,7907325,,,47.10,47.20,675,150,2025-04-21 09:56:20.483
tf,NFO,79508,,,,,47.35,-60.33,,1745209581,,,,,,,,,,,,2025-04-21 09:56:21.480
tf,NFO,79508,,,,,47.60,-60.12,,1745209582,,,,64.28,7930125,,,47.55,47.70,1125,1575,2025-04-21 09:56:22.081
tf,NFO,79508,,,,,47.55,-60.16,,1745209582,,,,,,,,,,,,2025-04-21 09:56:22.479
tf,NFO,79508,,,,,47.80,-59.95,,1745209583,,,,,,,,,,,,2025-04-21 09:56:23.480
tf,NFO,79508,,,,,48.00,-59.78,,1745209584,,,,64.27,7935450,,,48.05,48.20,675,1950,2025-04-21 09:56:23.876
tf,NFO,79508,,,,,47.85,-59.91,,1745209584,,,,,,,,,,,,2025-04-21 09:56:24.482
tf,NFO,79508,,,,,47.80,-59.95,,1745209585,,,,64.26,7937550,,,47.85,48.00,825,1725,2025-04-21 09:56:25.497
tf,NFO,79508,,,,,47.95,-59.82,,1745209586,,,,,,,,,,,,2025-04-21 09:56:26.481
tf,NFO,79508,,,,,48.15,-59.66,,1745209587,,,,,7939875,,,48.15,48.30,1350,525,2025-04-21 09:56:27.084
tf,NFO,79508,,,,,48.30,-59.53,,1745209587,,,,,,,,,,,,2025-04-21 09:56:27.482
tf,NFO,79508,,,,,48.20,-59.61,,1745209588,,,,,,,,,,,,2025-04-21 09:56:28.485
tf,NFO,79508,,,,,47.95,-59.82,,1745209589,,,,64.25,7945575,,,47.90,48.00,375,375,2025-04-21 09:56:28.884
tf,NFO,79508,,,,,47.65,-60.08,,1745209589,,,,,,,,,,,,2025-04-21 09:56:29.489
tf,NFO,79508,,,,,47.70,-60.03,,1745209590,,,,,,,,,,,,2025-04-21 09:56:30.492
tf,NFO,79508,,,,,,,,1745209590,,,,64.24,7948050,,,47.70,47.85,1575,1125,2025-04-21 09:56:30.498
tf,NFO,79508,,,,,47.80,-59.95,,1745209591,,,,,,,,,,,,2025-04-21 09:56:31.538
tf,NFO,79508,,,,,47.15,-60.49,,1745209592,,,,,7949250,,,47.05,47.20,675,2025,2025-04-21 09:56:32.203
tf,NFO,79508,,,,,47.30,-60.37,,1745209592,,,,,,,,,,,,2025-04-21 09:56:32.572
tf,NFO,79508,,,,,47.50,-60.20,,1745209593,,,,,,,,,,,,2025-04-21 09:56:33.496
tf,NFO,79508,,,,,47.25,-60.41,,1745209594,,,,64.23,7952850,,,47.25,47.35,75,600,2025-04-21 09:56:33.898
tf,NFO,79508,,,,,47.10,-60.54,,1745209595,,,,,,,,,,,,2025-04-21 09:56:35.489
tf,NFO,79508,,,,,,,,1745209595,,,,64.22,7955250,,,47.20,,1425,1350,2025-04-21 09:56:35.516
tf,NFO,79508,,,,,47.05,-60.58,,1745209596,,,,,,,,,,,,2025-04-21 09:56:36.491
tf,NFO,79508,,,,,46.90,-60.70,,1745209597,,,,,7959075,,,46.85,47.00,1275,,2025-04-21 09:56:37.120
tf,NFO,79508,,,,,47.00,-60.62,,1745209597,,,,,,,,,,,,2025-04-21 09:56:37.499
tf,NFO,79508,,,,,46.80,-60.79,,1745209598,,,,,,,,,,,,2025-04-21 09:56:38.567
tf,NFO,79508,,,,,,,,1745209599,,,,64.21,7962825,,,,46.95,150,825,2025-04-21 09:56:38.778
tf,NFO,79508,,,,,47.00,-60.62,,1745209599,,,,,,,,,,,,2025-04-21 09:56:39.496
tf,NFO,79508,,,,,46.80,-60.79,,1745209600,,,,,,,,,,,,2025-04-21 09:56:40.494
tf,NFO,79508,,,,,,,,1745209600,,,,64.20,7964700,,,46.65,46.75,450,225,2025-04-21 09:56:40.504
tf,NFO,79508,,,,,46.55,-61.00,,1745209601,,,,,,,,,,,,2025-04-21 09:56:41.508
tf,NFO,79508,,,,,46.40,-61.12,,1745209602,,,,,7968675,,,46.40,46.50,1275,450,2025-04-21 09:56:42.134
tf,NFO,79508,,,,,46.75,-60.83,,1745209602,,,,,,,,,,,,2025-04-21 09:56:42.503
tf,NFO,79508,,,,,46.55,-61.00,,1745209603,,,,,,,,,,,,2025-04-21 09:56:43.504
tf,NFO,79508,,,,,,,,1745209604,,,,64.19,7973175,,,46.35,,1350,150,2025-04-21 09:56:43.718
tf,NFO,79508,,,,,46.45,-61.08,,1745209604,,,,,,,,,,,,2025-04-21 09:56:44.500
tf,NFO,79508,,,,,46.10,-61.37,,1745209605,,,,,,,,,,,,2025-04-21 09:56:45.520
tf,NFO,79508,,,,,46.25,-61.25,,1745209605,,,,64.16,7984650,,,46.15,46.25,,75,2025-04-21 09:56:45.523
tf,NFO,79508,,,,,46.20,-61.29,,1745209606,,,,,,,,,,,,2025-04-21 09:56:46.530
tf,NFO,79508,,,,,46.25,-61.25,,1745209607,,,,,7986225,,,,,150,975,2025-04-21 09:56:47.149
tf,NFO,79508,,,,,46.15,-61.33,,1745209607,,,,,,,,,,,,2025-04-21 09:56:47.552
tf,NFO,79508,,,,,46.30,-61.21,,1745209608,,,,,,,,,,,,2025-04-21 09:56:48.503
tf,NFO,79508,,,,,46.40,-61.12,,1745209609,,,,64.15,7990725,,,46.40,46.55,2625,3225,2025-04-21 09:56:48.748
tf,NFO,79508,,,,,46.70,-60.87,,1745209609,,,,,,,,,,,,2025-04-21 09:56:49.507
tf,NFO,79508,,,,,46.35,-61.16,,1745209610,,,,,,,,,,,,2025-04-21 09:56:50.501
tf,NFO,79508,,,,,46.50,-61.04,,1745209610,,,,64.13,7997625,,,46.45,46.60,1200,1425,2025-04-21 09:56:50.531
tf,NFO,79508,,,,,46.30,-61.21,,1745209611,,,,,,,,,,,,2025-04-21 09:56:52.276
tf,NFO,79508,,,,,46.40,-61.12,,1745209612,,,,64.11,8006025,,,46.40,46.55,1875,1650,2025-04-21 09:56:52.302
tf,NFO,79508,,,,,46.45,-61.08,,1745209612,,,,,,,,,,,,2025-04-21 09:56:52.503
tf,NFO,79508,,,,,46.50,-61.04,,1745209613,,,,,,,,,,,,2025-04-21 09:56:53.510
tf,NFO,79508,,,,,46.30,-61.21,,1745209614,,,,64.10,8009850,,,46.30,46.45,675,1800,2025-04-21 09:56:53.732
tf,NFO,79508,,,,,46.40,-61.12,,1745209614,,,,,,,,,,,,2025-04-21 09:56:54.506
tf,NFO,79508,,,,,46.10,-61.37,,1745209615,,,,,8012775,,,46.10,46.25,,1500,2025-04-21 09:56:55.554
tf,NFO,79508,,,,,46.35,-61.16,,1745209617,,,,,,,,,,,,2025-04-21 09:56:56.700
tf,NFO,79508,,,,,,,,1745209617,,,,64.09,8015850,,,46.25,46.35,150,975,2025-04-21 09:56:57.161
tf,NFO,79508,,,,,46.15,-61.33,,1745209617,,,,,,,,,,,,2025-04-21 09:56:57.499
tf,NFO,79508,,,,,46.20,-61.29,,1745209618,,,,,,,,,,,,2025-04-21 09:56:58.633
tf,NFO,79508,,,,,46.05,-61.42,,1745209619,,,,64.06,8028150,,,46.05,46.15,600,675,2025-04-21 09:56:58.852
tf,NFO,79508,,,,,46.10,-61.37,,1745209619,,,,,,,,,,,,2025-04-21 09:56:59.500
tf,NFO,79508,,,,,45.90,-61.54,,1745209620,,,,,,,,,,,,2025-04-21 09:57:00.505
tf,NFO,79508,,,,,45.80,-61.63,,1745209620,,,,64.01,8050650,,,45.80,45.95,2325,1425,2025-04-21 09:57:00.540
tf,NFO,79508,,,,,45.75,-61.67,,1745209621,,,,,,,,,,,,2025-04-21 09:57:01.521
tf,NFO,79508,,,,,45.50,-61.88,,1745209622,,,,,8052300,,,45.50,45.60,825,1575,2025-04-21 09:57:02.138
tf,NFO,79508,,,,,45.60,-61.79,,1745209622,,,,,,,,,,,,2025-04-21 09:57:02.511
tf,NFO,79508,,,,,45.80,-61.63,,1745209623,,,,,,,,,,,,2025-04-21 09:57:03.514
tf,NFO,79508,,,,,,,,1745209624,,,,,8053500,,,45.70,45.80,1425,75,2025-04-21 09:57:03.773
tf,NFO,79508,,,,,46.20,-61.29,,1745209625,,,,,,,,,,,,2025-04-21 09:57:04.797
tf,NFO,79508,,,,,45.90,-61.54,,1745209625,,,,,,,,,,,,2025-04-21 09:57:05.574
tf,NFO,79508,,,,,,,,1745209625,,,,64.00,8056200,,,45.85,46.00,1725,2325,2025-04-21 09:57:05.579
tf,NFO,79508,,,,,46.05,-61.42,,1745209626,,,,,,,,,,,,2025-04-21 09:57:06.517
tf,NFO,79508,,,,,46.10,-61.37,,1745209627,,,,,8058450,,,45.95,46.05,75,825,2025-04-21 09:57:07.147
tf,NFO,79508,,,,,45.95,-61.50,,1745209627,,,,,,,,,,,,2025-04-21 09:57:07.513
tf,NFO,79508,,,,,46.10,-61.37,,1745209628,,,,,,,,,,,,2025-04-21 09:57:08.514
tf,NFO,79508,,,,,,,,1745209629,,,,63.99,8058900,,,46.00,46.10,1200,1050,2025-04-21 09:57:08.764
tf,NFO,79508,,,,,45.85,-61.58,,1745209629,,,,,,,,,,,,2025-04-21 09:57:09.509
tf,NFO,79508,,,,,45.60,-61.79,,1745209630,,,,,8061150,,,45.55,45.65,600,600,2025-04-21 09:57:10.553
tf,NFO,79508,,,,,,,,1745209632,,,,63.98,8065575,,,45.40,45.55,2250,900,2025-04-21 09:57:12.172
tf,NFO,79508,,,,,45.45,-61.92,,1745209632,,,,,,,,,,,,2025-04-21 09:57:12.549
tf,NFO,79508,,,,,45.50,-61.88,,1745209633,,,,,,,,,,,,2025-04-21 09:57:13.511
tf,NFO,79508,,,,,,,,1745209634,,,,63.97,8068200,,,45.55,45.70,1050,2100,2025-04-21 09:57:13.768
tf,NFO,79508,,,,,45.55,-61.83,,1745209634,,,,,,,,,,,,2025-04-21 09:57:14.525
tf,NFO,79508,,,,,45.15,-62.17,,1745209635,,,,,,,,,,,,2025-04-21 09:57:15.520
tf,NFO,79508,,,,,45.35,-62.00,,1745209635,,,,,8070675,,,45.30,45.45,2775,1200,2025-04-21 09:57:15.558
tf,NFO,79508,,,,,45.80,-61.63,,1745209636,,,,,,,,,,,,2025-04-21 09:57:16.523
tf,NFO,79508,,,,,,,,1745209637,,,,63.96,8072400,,,45.60,45.70,225,2250,2025-04-21 09:57:17.184
tf,NFO,79508,,,,,45.85,-61.58,,1745209638,,,,,,,,,,,,2025-04-21 09:57:18.519
tf,NFO,79508,,,,,45.90,-61.54,,1745209639,,,,,8073600,,,45.80,45.90,3600,9150,2025-04-21 09:57:18.882
tf,NFO,79508,,,,,46.00,-61.46,,1745209639,,,,,,,,,,,,2025-04-21 09:57:19.515
tf,NFO,79508,,,,,45.85,-61.58,,1745209640,,,,,,,,,,,,2025-04-21 09:57:20.538
tf,NFO,79508,,,,,,,,1745209640,,,,63.94,8083425,,,45.70,45.85,2325,750,2025-04-21 09:57:20.567
tf,NFO,79508,,,,,45.65,-61.75,,1745209641,,,,,,,,,,,,2025-04-21 09:57:21.554
tf,NFO,79508,,,,,45.60,-61.79,,1745209642,,,,63.93,8089500,,,45.60,45.75,2100,2100,2025-04-21 09:57:22.196
tf,NFO,79508,,,,,45.75,-61.67,,1745209642,,,,,,,,,,,,2025-04-21 09:57:22.527
tf,NFO,79508,,,,,45.40,-61.96,,1745209643,,,,,,,,,,,,2025-04-21 09:57:23.529
tf,NFO,79508,,,,,,,,1745209644,,,,63.92,8091225,,,45.20,45.35,2925,1725,2025-04-21 09:57:23.801
tf,NFO,79508,,,,,45.05,-62.25,,1745209644,,,,,,,,,,,,2025-04-21 09:57:24.597
tf,NFO,79508,,,,,45.65,-61.75,,1745209645,,,,,,,,,,,,2025-04-21 09:57:25.653
tf,NFO,79508,,,,,,,,1745209645,,,,63.90,8101650,,,45.55,45.65,975,150,2025-04-21 09:57:25.654
tf,NFO,79508,,,,,45.15,-62.17,,1745209646,,,,,,,,,,,,2025-04-21 09:57:26.536
tf,NFO,79508,,,,,45.20,-62.13,,1745209647,,,,63.89,8103600,,,45.15,45.25,600,375,2025-04-21 09:57:27.201
tf,NFO,79508,,,,,45.10,-62.21,,1745209647,,,,,,,,,,,,2025-04-21 09:57:27.527
tf,NFO,79508,,,,,45.40,-61.96,,1745209648,,,,,,,,,,,,2025-04-21 09:57:28.530
tf,NFO,79508,,,,,45.30,-62.04,,1745209649,,,,63.88,8108925,,,45.25,45.35,300,1200,2025-04-21 09:57:28.777
tf,NFO,79508,,,,,45.25,-62.09,,1745209650,,,,,,,,,,,,2025-04-21 09:57:30.553
tf,NFO,79508,,,,,,,,1745209650,,,,,8111025,,,,45.40,2400,750,2025-04-21 09:57:30.583
tf,NFO,79508,,,,,45.45,-61.92,,1745209651,,,,,,,,,,,,2025-04-21 09:57:31.566
tf,NFO,79508,,,,,45.20,-62.13,,1745209652,,,,63.87,8112675,,,45.20,45.35,2025,2400,2025-04-21 09:57:32.242
tf,NFO,79508,,,,,45.45,-61.92,,1745209653,,,,,,,,,,,,2025-04-21 09:57:33.543
tf,NFO,79508,,,,,,,,1745209654,,,,,8115225,,,45.35,45.45,675,225,2025-04-21 09:57:33.819
tf,NFO,79508,,,,,45.30,-62.04,,1745209654,,,,,,,,,,,,2025-04-21 09:57:34.538
tf,NFO,79508,,,,,45.25,-62.09,,1745209655,,,,,,,,,,,,2025-04-21 09:57:35.539
tf,NFO,79508,,,,,,,,1745209655,,,,63.86,8117550,,,45.15,45.25,1800,1875,2025-04-21 09:57:35.585
tf,NFO,79508,,,,,45.15,-62.17,,1745209656,,,,,,,,,,,,2025-04-21 09:57:36.538
tf,NFO,79508,,,,,45.25,-62.09,,1745209657,,,,63.85,8121750,,,45.25,45.40,900,1350,2025-04-21 09:57:37.007
tf,NFO,79508,,,,,45.10,-62.21,,1745209657,,,,,,,,,,,,2025-04-21 09:57:37.547
tf,NFO,79508,,,,,45.00,-62.30,,1745209658,,,,,,,,,,,,2025-04-21 09:57:38.560
tf,NFO,79508,,,,,,,,1745209659,,,,,8122800,,,45.00,45.10,3075,75,2025-04-21 09:57:38.964
tf,NFO,79508,,,,,45.10,-62.21,,1745209659,,,,,,,,,,,,2025-04-21 09:57:39.566
tf,NFO,79508,,,,,45.15,-62.17,,1745209660,,,,63.84,8125875,,,45.15,45.25,525,825,2025-04-21 09:57:40.392
tf,NFO,79508,,,,,,,,1745209660,,,,,,1680225,,,,,,2025-04-21 09:57:40.538
tf,NFO,79508,,,,,45.30,-62.04,,1745209661,,,,,,,,,,,,2025-04-21 09:57:41.544
tf,NFO,79508,,,,,45.25,-62.09,,1745209662,,,,,8128050,,,,,600,600,2025-04-21 09:57:42.012
tf,NFO,79508,,,,,45.10,-62.21,,1745209662,,,,,,,,,,,,2025-04-21 09:57:42.553
tf,NFO,79508,,,,,45.05,-62.25,,1745209663,,,,63.83,8130600,,,45.00,45.15,1800,1200,2025-04-21 09:57:43.604
tf,NFO,79508,,,,,45.00,-62.30,,1745209664,,,,,,,,,,,,2025-04-21 09:57:44.570
tf,NFO,79508,,,,,45.15,-62.17,,1745209665,,,,,8131950,,,45.20,45.30,1575,75,2025-04-21 09:57:45.496
tf,NFO,79508,,,,,44.95,-62.34,,1745209666,,,,,,,,,,,,2025-04-21 09:57:46.546
tf,NFO,79508,,,,,44.90,-62.38,,1745209667,,,,63.82,8134050,,,44.75,44.90,1650,1950,2025-04-21 09:57:47.030
tf,NFO,79508,,,,,45.60,-61.79,,1745209668,,,,,,,,,,,,2025-04-21 09:57:48.535
tf,NFO,79508,,,,,,,,1745209668,,,,63.81,8138700,,,45.70,45.75,75,75,2025-04-21 09:57:48.632
tf,NFO,79508,,,,,45.90,-61.54,,1745209669,,,,,,,,,,,,2025-04-21 09:57:49.544
tf,NFO,79508,,,,,45.85,-61.58,,1745209670,,,,,8141400,,,,45.85,1575,1125,2025-04-21 09:57:50.409
tf,NFO,79508,,,,,45.75,-61.67,,1745209670,,,,,,,,,,,,2025-04-21 09:57:50.543
tf,NFO,79508,,,,,46.05,-61.42,,1745209671,,,,,,,,,,,,2025-04-21 09:57:51.582
tf,NFO,79508,,,,,46.25,-61.25,,1745209672,,,,63.80,8142750,,,46.10,46.20,975,75,2025-04-21 09:57:52.073
tf,NFO,79508,,,,,46.65,-60.91,,1745209673,,,,,,,,,,,,2025-04-21 09:57:53.893
tf,NFO,79508,,,,,,,,1745209673,,,,,8144175,,,46.65,46.75,75,2250,2025-04-21 09:57:53.898
tf,NFO,79508,,,,,46.50,-61.04,,1745209674,,,,,,,,,,,,2025-04-21 09:57:54.614
tf,NFO,79508,,,,,46.55,-61.00,,1745209675,,,,,8145450,,,46.40,46.55,1800,1575,2025-04-21 09:57:55.413
tf,NFO,79508,,,,,46.40,-61.12,,1745209677,,,,,,,,,,,,2025-04-21 09:57:56.735
tf,NFO,79508,,,,,46.50,-61.04,,1745209677,,,,63.79,8149200,,,46.45,,825,225,2025-04-21 09:57:57.044
tf,NFO,79508,,,,,46.65,-60.91,,1745209677,,,,,,,,,,,,2025-04-21 09:57:57.552
tf,NFO,79508,,,,,46.70,-60.87,,1745209678,,,,,,,,,,,,2025-04-21 09:57:58.665
tf,NFO,79508,,,,,,,,1745209678,,,,,8149800,,,46.60,46.70,375,1050,2025-04-21 09:57:58.674
tf,NFO,79508,,,,,46.00,-61.46,,1745209679,,,,,,,,,,,,2025-04-21 09:57:59.553
tf,NFO,79508,,,,,46.15,-61.33,,1745209680,,,,63.78,8154600,,,45.95,46.10,2550,1875,2025-04-21 09:58:00.421
tf,NFO,79508,,,,,46.25,-61.25,,1745209681,,,,,,,,,,,,2025-04-21 09:58:01.547
tf,NFO,79508,,,,,46.15,-61.33,,1745209682,,,,63.77,8156625,,,46.10,46.20,1425,900,2025-04-21 09:58:02.051
tf,NFO,79508,,,,,46.10,-61.37,,1745209682,,,,,,,,,,,,2025-04-21 09:58:02.561
tf,NFO,79508,,,,,46.00,-61.46,,1745209683,,,,,,,,,,,,2025-04-21 09:58:03.550
tf,NFO,79508,,,,,45.85,-61.58,,1745209683,,,,,8156925,,,45.80,45.85,75,225,2025-04-21 09:58:03.658
tf,NFO,79508,,,,,45.55,-61.83,,1745209684,,,,,,,,,,,,2025-04-21 09:58:04.562
tf,NFO,79508,,,,,45.70,-61.71,,1745209685,,,,,8160075,,,45.65,45.75,1650,1425,2025-04-21 09:58:05.253
tf,NFO,79508,,,,,45.65,-61.75,,1745209686,,,,,,,,,,,,2025-04-21 09:58:06.563
tf,NFO,79508,,,,,45.70,-61.71,,1745209687,,,,63.76,8161350,,,45.55,45.65,300,1500,2025-04-21 09:58:07.032
tf,NFO,79508,,,,,45.45,-61.92,,1745209687,,,,,,,,,,,,2025-04-21 09:58:07.568
tf,NFO,79508,,,,,45.40,-61.96,,1745209688,,,,,,,,,,,,2025-04-21 09:58:08.553
tf,NFO,79508,,,,,,,,1745209688,,,,,8163675,,,45.30,45.45,3000,750,2025-04-21 09:58:08.669
tf,NFO,79508,,,,,45.15,-62.17,,1745209689,,,,,,,,,,,,2025-04-21 09:58:09.573
tf,NFO,79508,,,,,,,,1745209690,,,,,8164275,,,45.10,45.25,1350,1350,2025-04-21 09:58:10.277
tf,NFO,79508,,,,,44.75,-62.51,,1745209691,,,,,,,,,,,,2025-04-21 09:58:11.567
tf,NFO,79508,,,,,44.80,-62.46,,1745209692,,,,63.74,8169975,,,44.80,44.95,1800,2025,2025-04-21 09:58:12.136
tf,NFO,79508,,,,,44.90,-62.38,,1745209692,,,,,,,,,,,,2025-04-21 09:58:12.592
tf,NFO,79508,,,,,44.75,-62.51,,1745209693,,,,,,,,,,,,2025-04-21 09:58:13.556
tf,NFO,79508,,,,,,,,1745209694,,,,63.73,8173650,,,44.75,44.90,1650,1950,2025-04-21 09:58:13.681
tf,NFO,79508,,,,,44.70,-62.55,,1745209694,,,,,,,,,,,,2025-04-21 09:58:14.663
tf,NFO,79508,,,,,44.55,-62.67,,1745209695,,,,63.70,8188500,,,44.60,44.70,375,1800,2025-04-21 09:58:15.273
tf,NFO,79508,,,,,44.75,-62.51,,1745209696,,,,,,,,,,,,2025-04-21 09:58:16.560
tf,NFO,79508,,,,,44.50,-62.71,,1745209697,,,,63.67,8202525,,,44.45,44.60,2100,3075,2025-04-21 09:58:16.876
tf,NFO,79508,,,,,44.45,-62.76,,1745209697,,,,,,,,,,,,2025-04-21 09:58:18.334
tf,NFO,79508,,,,,44.35,-62.84,,1745209698,,,,63.66,8204250,,,44.50,,525,3750,2025-04-21 09:58:18.528
tf,NFO,79508,,,,,44.50,-62.71,,1745209698,,,,,,,,,,,,2025-04-21 09:58:18.568
tf,NFO,79508,,,,,44.55,-62.67,,1745209699,,,,,,,,,,,,2025-04-21 09:58:19.560
tf,NFO,79508,,,,,44.60,-62.63,,1745209700,,,,,8207250,,,44.60,44.75,1500,1350,2025-04-21 09:58:20.063
tf,NFO,79508,,,,,44.75,-62.51,,1745209700,,,,,,,,,,,,2025-04-21 09:58:20.552
tf,NFO,79508,,,,,44.70,-62.55,,1745209701,,,,,,,,,,,,2025-04-21 09:58:21.569
tf,NFO,79508,,,,,,,,1745209702,,,,63.65,8211000,,,,44.70,1950,150,2025-04-21 09:58:21.661
tf,NFO,79508,,,,,44.65,-62.59,,1745209702,,,,,,,,,,,,2025-04-21 09:58:22.559
tf,NFO,79508,,,,,44.75,-62.51,,1745209703,,,,63.64,8212425,,,44.70,44.80,1350,1050,2025-04-21 09:58:23.475
tf,NFO,79508,,,,,44.60,-62.63,,1745209704,,,,,,,,,,,,2025-04-21 09:58:24.657
