t,e,tk,ts,pp,ls,ti,lp,pc,c,ft,o,h,l,ap,v,oi,poi,bp1,sp1,bq1,sq1,received_timestamp
tk,NFO,79631,NIFTY24APR25P24250,2,75,0.05,315.65,-29.89,450.20,1745209404,398.35,425.00,300.75,346.55,219300,66450,12000,316.10,317.05,75,75,2025-04-21 09:53:24.044
tf,NFO,79631,,,,,,,,1745209405,,,,,,,,316.75,317.60,150,225,2025-04-21 09:53:25.608
tf,NFO,79631,,,,,,,,1745209407,,,,,,,,317.30,318.15,,75,2025-04-21 09:53:27.245
tf,NFO,79631,,,,,,,,1745209409,,,,,,,,319.85,320.80,225,150,2025-04-21 09:53:28.871
tf,NFO,79631,,,,,,,,1745209410,,,,,,,,317.95,318.90,450,75,2025-04-21 09:53:30.606
tf,NFO,79631,,,,,,,,1745209412,,,,,,,,317.90,318.75,300,150,2025-04-21 09:53:32.211
tf,NFO,79631,,,,,,,,1745209414,,,,,,,,320.35,321.15,75,75,2025-04-21 09:53:33.813
tf,NFO,79631,,,,,,,,1745209415,,,,,,,,319.90,320.85,225,750,2025-04-21 09:53:35.612
tf,NFO,79631,,,,,,,,1745209417,,,,,,,,318.75,319.60,150,300,2025-04-21 09:53:37.213
tf,NFO,79631,,,,,,,,1745209419,,,,,,,,317.10,317.95,,150,2025-04-21 09:53:38.867
tf,NFO,79631,,,,,318.10,-29.34,,1745209419,,,,,,,,,,,,2025-04-21 09:53:38.901
tf,NFO,79631,,,,,,,,1745209420,,,,346.54,219375,,,315.85,316.70,,,2025-04-21 09:53:40.620
tf,NFO,79631,,,,,,,,1745209422,,,,,,,,315.80,,300,75,2025-04-21 09:53:42.222
tf,NFO,79631,,,,,,,,1745209424,,,,,,,,318.90,319.80,75,225,2025-04-21 09:53:43.856
tf,NFO,79631,,,,,,,,1745209425,,,,,,,,317.90,318.80,150,,2025-04-21 09:53:45.678
tf,NFO,79631,,,,,,,,1745209427,,,,,,,,317.25,318.25,,375,2025-04-21 09:53:47.240
tf,NFO,79631,,,,,316.00,-29.81,,1745209428,,,,,,,,,,,,2025-04-21 09:53:48.503
tf,NFO,79631,,,,,,,,1745209429,,,,346.50,219675,,,317.05,317.90,75,75,2025-04-21 09:53:48.837
tf,NFO,79631,,,,,317.25,-29.53,,1745209430,,,,,,,,,,,,2025-04-21 09:53:50.096
tf,NFO,79631,,,,,318.80,-29.19,,1745209430,,,,346.47,219900,,,318.35,319.25,150,375,2025-04-21 09:53:50.464
tf,NFO,79631,,,,,316.40,-29.72,,1745209431,,,,,,,,,,,,2025-04-21 09:53:51.508
tf,NFO,79631,,,,,,,,1745209432,,,,346.43,220200,,,316.65,317.45,300,75,2025-04-21 09:53:52.263
tf,NFO,79631,,,,,,,,1745209434,,,,,,,,317.05,317.85,150,150,2025-04-21 09:53:53.870
tf,NFO,79631,,,,,318.15,-29.33,,1745209434,,,,,,,,,,,,2025-04-21 09:53:54.098
tf,NFO,79631,,,,,,,,1745209435,,,,346.33,220950,,,317.85,318.80,225,225,2025-04-21 09:53:55.462
tf,NFO,79631,,,,,,,,1745209437,,,,,,,,316.95,317.85,150,75,2025-04-21 09:53:57.246
tf,NFO,79631,,,,,,,,1745209439,,,,,,,,316.40,317.25,225,,2025-04-21 09:53:58.885
tf,NFO,79631,,,,,,,,1745209440,,,,,,,,315.75,316.65,150,375,2025-04-21 09:54:00.631
tf,NFO,79631,,,,,314.85,-30.06,,1745209441,,,,,,,,,,,,2025-04-21 09:54:00.802
tf,NFO,79631,,,,,,,,1745209442,,,,346.31,221100,,,315.10,316.00,,225,2025-04-21 09:54:02.272
tf,NFO,79631,,,,,,,,1745209444,,,,,,,,316.50,317.25,75,375,2025-04-21 09:54:03.890
tf,NFO,79631,,,,,316.70,-29.65,,1745209444,,,,,,,,,,,,2025-04-21 09:54:04.530
tf,NFO,79631,,,,,,,,1745209445,,,,346.30,221175,,,316.20,316.95,150,75,2025-04-21 09:54:05.564
tf,NFO,79631,,,,,318.55,-29.24,,1745209446,,,,,,,,,,,,2025-04-21 09:54:06.114
tf,NFO,79631,,,,,317.95,-29.38,,1745209447,,,,,,,,,,,,2025-04-21 09:54:06.947
tf,NFO,79631,,,,,316.85,-29.62,,1745209447,,,,346.24,221625,,,316.55,317.45,300,225,2025-04-21 09:54:07.267
tf,NFO,79631,,,,,,,,1745209449,,,,,,,,316.60,317.35,150,75,2025-04-21 09:54:08.868
tf,NFO,79631,,,,,,,,1745209450,,,,,,,,317.35,318.30,375,,2025-04-21 09:54:10.478
tf,NFO,79631,,,,,,,,1745209452,,,,,,,,317.05,317.90,150,,2025-04-21 09:54:12.279
tf,NFO,79631,,,,,,,,1745209454,,,,,,,,317.55,318.35,300,,2025-04-21 09:54:13.977
tf,NFO,79631,,,,,,,,1745209455,,,,,,,,316.65,317.50,,,2025-04-21 09:54:15.505
tf,NFO,79631,,,,,,,,1745209457,,,,,,,,315.10,315.85,150,150,2025-04-21 09:54:17.303
tf,NFO,79631,,,,,,,,1745209459,,,,,,,,314.45,315.35,300,75,2025-04-21 09:54:18.897
tf,NFO,79631,,,,,314.20,-30.21,,1745209459,,,,,,,,,,,,2025-04-21 09:54:19.283
tf,NFO,79631,,,,,313.00,-30.48,,1745209459,,,,,,,,,,,,2025-04-21 09:54:20.072
tf,NFO,79631,,,,,,,,1745209460,,,,346.22,221775,,,311.95,312.75,75,225,2025-04-21 09:54:20.583
tf,NFO,79631,,,,,,,,1745209462,,,,,,,,311.40,312.20,150,75,2025-04-21 09:54:22.190
tf,NFO,79631,,,,,,,,1745209464,,,,,,,,310.35,311.20,,300,2025-04-21 09:54:24.005
tf,NFO,79631,,,,,311.80,-30.74,,1745209465,,,,346.20,221925,,,311.60,312.40,,150,2025-04-21 09:54:25.610
tf,NFO,79631,,,,,,,,1745209467,,,,,,,,311.10,311.80,75,75,2025-04-21 09:54:27.119
tf,NFO,79631,,,,,,,,1745209469,,,,,,,,311.85,312.70,375,450,2025-04-21 09:54:28.781
tf,NFO,79631,,,,,313.80,-30.30,,1745209470,,,,,,,,,,,,2025-04-21 09:54:30.490
tf,NFO,79631,,,,,,,,1745209470,,,,346.15,222225,,,312.95,313.75,150,375,2025-04-21 09:54:30.505
tf,NFO,79631,,,,,311.35,-30.84,,1745209471,,,,,,,,,,,,2025-04-21 09:54:31.322
tf,NFO,79631,,,,,,,,1745209472,,,,346.13,222375,,,312.25,313.10,75,75,2025-04-21 09:54:32.102
tf,NFO,79631,,,,,312.35,-30.62,,1745209473,,,,,,,,,,,,2025-04-21 09:54:32.811
tf,NFO,79631,,,,,,,,1745209474,,,,346.12,222450,,,312.30,313.05,,150,2025-04-21 09:54:33.777
tf,NFO,79631,,,,,,,,1745209475,,,,,,,,312.50,313.30,225,75,2025-04-21 09:54:35.427
tf,NFO,79631,,,,,,,,1745209477,,,,,,,,311.50,312.30,,150,2025-04-21 09:54:36.905
tf,NFO,79631,,,,,,,,1745209478,,,,,,,,312.20,313.00,300,75,2025-04-21 09:54:38.565
tf,NFO,79631,,,,,312.00,-30.70,,1745209479,,,,,,65250,,,,,,2025-04-21 09:54:39.370
tf,NFO,79631,,,,,,,,1745209480,,,,346.11,222525,,,310.40,311.20,,,2025-04-21 09:54:40.167
tf,NFO,79631,,,,,310.00,-31.14,,1745209481,,,,,,,,,,,,2025-04-21 09:54:40.730
tf,NFO,79631,,,,,,,,1745209482,,,,346.10,222600,,,309.25,310.10,225,150,2025-04-21 09:54:41.912
tf,NFO,79631,,,,,,,,1745209483,,,,,,,,310.65,311.50,150,75,2025-04-21 09:54:43.533
tf,NFO,79631,,,,,,,,1745209485,,,,346.08,222675,,,310.25,311.20,,,2025-04-21 09:54:45.148
tf,NFO,79631,,,,,310.15,-31.11,,1745209486,,,,,,,,,,,,2025-04-21 09:54:46.329
tf,NFO,79631,,,,,,,,1745209487,,,,345.96,223425,,,311.15,312.00,75,150,2025-04-21 09:54:46.944
tf,NFO,79631,,,,,,,,1745209488,,,,,,,,308.90,309.70,150,75,2025-04-21 09:54:48.576
tf,NFO,79631,,,,,,,,1745209490,,,,,,,,309.20,310.10,375,,2025-04-21 09:54:50.153
tf,NFO,79631,,,,,,,,1745209492,,,,,,,,310.75,311.65,150,,2025-04-21 09:54:52.009
tf,NFO,79631,,,,,307.55,-31.69,,1745209493,,,,345.95,223500,,,308.05,309.00,,150,2025-04-21 09:54:53.546
tf,NFO,79631,,,,,,,,1745209495,,,,,,,,307.95,309.25,675,225,2025-04-21 09:54:55.162
tf,NFO,79631,,,,,308.45,-31.49,,1745209495,,,,,,,,,,,,2025-04-21 09:54:55.538
tf,NFO,79631,,,,,,,,1745209497,,,,345.92,223650,,,308.25,309.05,150,75,2025-04-21 09:54:56.942
tf,NFO,79631,,,,,,,,1745209498,,,,,,,,308.10,308.95,300,150,2025-04-21 09:54:58.860
tf,NFO,79631,,,,,306.50,-31.92,,1745209500,,,,,,,,,,,,2025-04-21 09:55:00.010
tf,NFO,79631,,,,,,,,1745209500,,,,345.91,223725,,,307.15,308.00,150,75,2025-04-21 09:55:00.247
tf,NFO,79631,,,,,,,,1745209502,,,,,,,,308.35,309.10,,,2025-04-21 09:55:01.940
tf,NFO,79631,,,,,308.60,-31.45,,1745209502,,,,,,,,,,,,2025-04-21 09:55:02.149
tf,NFO,79631,,,,,,,,1745209503,,,,345.90,223800,,,308.70,309.60,375,450,2025-04-21 09:55:03.572
tf,NFO,79631,,,,,306.85,-31.84,,1745209505,,,,,,,,,,,,2025-04-21 09:55:05.146
tf,NFO,79631,,,,,,,,1745209505,,,,345.89,223875,,,307.10,307.95,225,525,2025-04-21 09:55:05.197
tf,NFO,79631,,,,,,,,1745209507,,,,,,,,306.20,306.95,150,75,2025-04-21 09:55:06.956
tf,NFO,79631,,,,,,,,1745209508,,,,,,,,304.80,305.75,75,300,2025-04-21 09:55:08.704
tf,NFO,79631,,,,,304.20,-32.43,,1745209509,,,,,,,,,,,,2025-04-21 09:55:08.877
tf,NFO,79631,,,,,,,,1745209510,,,,345.87,223950,,,304.75,305.65,150,150,2025-04-21 09:55:10.181
tf,NFO,79631,,,,,303.00,-32.70,,1745209511,,,,,,,,,,,,2025-04-21 09:55:11.372
tf,NFO,79631,,,,,303.85,-32.51,,1745209512,,,,,,,,,,,,2025-04-21 09:55:11.874
tf,NFO,79631,,,,,,,,1745209512,,,,345.84,224100,,,302.75,303.60,300,225,2025-04-21 09:55:12.083
tf,NFO,79631,,,,,,,,1745209513,,,,,,,,302.70,303.55,75,,2025-04-21 09:55:13.591
tf,NFO,79631,,,,,,,,1745209515,,,,,,,,300.45,301.35,150,375,2025-04-21 09:55:15.190
tf,NFO,79631,,,,,297.80,-33.85,,1745209517,,,,,,,,,,,,2025-04-21 09:55:16.749
tf,NFO,79631,,,,,288.45,-35.93,,1745209517,,,288.45,345.05,227775,,,289.05,291.45,75,300,2025-04-21 09:55:16.970
tf,NFO,79631,,,,,290.45,-35.48,,1745209518,,,,,,,,,,,,2025-04-21 09:55:17.755
tf,NFO,79631,,,,,290.50,-35.47,,1745209518,,,,344.94,228225,,,289.55,290.45,300,,2025-04-21 09:55:18.704
tf,NFO,79631,,,,,289.10,-35.78,,1745209519,,,,,,,,,,,,2025-04-21 09:55:18.798
tf,NFO,79631,,,,,,,,1745209520,,,,344.90,228375,,,289.85,290.65,150,,2025-04-21 09:55:20.199
tf,NFO,79631,,,,,290.60,-35.45,,1745209521,,,,,,,,,,,,2025-04-21 09:55:20.761
tf,NFO,79631,,,,,288.25,-35.97,,1745209521,,,,,,,,,,,,2025-04-21 09:55:21.572
tf,NFO,79631,,,,,287.90,-36.05,,1745209522,,,287.90,344.74,229050,,,287.90,288.75,,150,2025-04-21 09:55:21.971
tf,NFO,79631,,,,,288.30,-35.96,,1745209523,,,,344.67,229350,,,287.60,288.45,300,,2025-04-21 09:55:23.587
tf,NFO,79631,,,,,290.05,-35.57,,1745209524,,,,,,,,,,,,2025-04-21 09:55:24.553
tf,NFO,79631,,,,,,,,1745209525,,,,344.24,231150,,,289.85,290.85,,,2025-04-21 09:55:25.180
tf,NFO,79631,,,,,291.50,-35.25,,1745209526,,,,,,,,,,,,2025-04-21 09:55:26.044
tf,NFO,79631,,,,,,,,1745209527,,,,344.21,231300,,,289.10,290.15,,,2025-04-21 09:55:26.809
tf,NFO,79631,,,,,,,,1745209528,,,,,,,,287.10,287.85,75,225,2025-04-21 09:55:28.598
tf,NFO,79631,,,,,,,,1745209530,,,,,,,,289.15,290.05,150,375,2025-04-21 09:55:30.217
tf,NFO,79631,,,,,289.80,-35.63,,1745209531,,,,,,,,,,,,2025-04-21 09:55:30.761
tf,NFO,79631,,,,,,,,1745209532,,,,344.00,232200,,,290.10,291.10,,300,2025-04-21 09:55:31.818
tf,NFO,79631,,,,,,,,1745209533,,,,,,,,289.50,290.30,,75,2025-04-21 09:55:33.595
tf,NFO,79631,,,,,,,,1745209535,,,,,,,,290.85,291.80,,675,2025-04-21 09:55:35.226
tf,NFO,79631,,,,,292.30,-35.07,,1745209535,,,,,,,,,,,,2025-04-21 09:55:35.570
tf,NFO,79631,,,,,,,,1745209537,,,,343.98,232275,,,290.70,291.65,,300,2025-04-21 09:55:36.804
tf,NFO,79631,,,,,289.90,-35.61,,1745209537,,,,,,,,,,,,2025-04-21 09:55:37.404
tf,NFO,79631,,,,,290.60,-35.45,,1745209537,,,,,,,,,,,,2025-04-21 09:55:37.570
tf,NFO,79631,,,,,289.60,-35.67,,1745209538,,,,,,,,,,,,2025-04-21 09:55:38.576
tf,NFO,79631,,,,,,,,1745209538,,,,343.86,232800,,,290.10,290.85,375,150,2025-04-21 09:55:38.623
tf,NFO,79631,,,,,,,,1745209540,,,,,,,,289.75,290.50,75,525,2025-04-21 09:55:40.340
tf,NFO,79631,,,,,290.25,-35.53,,1745209540,,,,,,,,,,,,2025-04-21 09:55:40.583
tf,NFO,79631,,,,,289.20,-35.76,,1745209541,,,,,,,,,,,,2025-04-21 09:55:41.606
tf,NFO,79631,,,,,,,,1745209542,,,,343.79,233100,,,,290.55,,150,2025-04-21 09:55:41.847
tf,NFO,79631,,,,,,,,1745209543,,,,,,,,289.15,290.15,,450,2025-04-21 09:55:43.602
tf,NFO,79631,,,,,290.30,-35.52,,1745209545,,,,,,,,,,,,2025-04-21 09:55:45.250
tf,NFO,79631,,,,,,,,1745209545,,,,343.77,233175,,,290.65,291.60,150,150,2025-04-21 09:55:45.255
tf,NFO,79631,,,,,,,,1745209547,,,,,,,,291.20,291.95,,75,2025-04-21 09:55:46.834
tf,NFO,79631,,,,,,,,1745209548,,,,,,,,289.80,290.65,,300,2025-04-21 09:55:48.614
tf,NFO,79631,,,,,290.50,-35.47,,1745209549,,,,,,,,,,,,2025-04-21 09:55:49.171
tf,NFO,79631,,,,,,,,1745209550,,,,343.75,233250,,,289.95,290.75,,75,2025-04-21 09:55:50.218
tf,NFO,79631,,,,,290.30,-35.52,,1745209550,,,,,,,,,,,,2025-04-21 09:55:50.396
tf,NFO,79631,,,,,,,,1745209552,,,,343.74,233325,,,290.05,290.80,75,,2025-04-21 09:55:51.892
tf,NFO,79631,,,,,290.75,-35.42,,1745209553,,,,,,,,,,,,2025-04-21 09:55:52.874
tf,NFO,79631,,,,,294.05,-34.68,,1745209553,,,,,,,,,,,,2025-04-21 09:55:53.575
tf,NFO,79631,,,,,,,,1745209553,,,,343.57,234075,,,293.85,294.55,,,2025-04-21 09:55:53.619
tf,NFO,79631,,,,,293.65,-34.77,,1745209554,,,,,,,,,,,,2025-04-21 09:55:54.578
tf,NFO,79631,,,,,294.05,-34.68,,1745209555,,,,343.51,234375,,,293.05,293.80,,,2025-04-21 09:55:55.238
tf,NFO,79631,,,,,294.55,-34.57,,1745209557,,,,,,,,,,,,2025-04-21 09:55:56.781
tf,NFO,79631,,,,,,,,1745209557,,,,343.48,234525,,,294.30,295.00,,150,2025-04-21 09:55:56.834
tf,NFO,79631,,,,,296.50,-34.14,,1745209558,,,,,,,,,,,,2025-04-21 09:55:58.226
tf,NFO,79631,,,,,296.60,-34.12,,1745209558,,,,,,,,,,,,2025-04-21 09:55:58.620
tf,NFO,79631,,,,,,,,1745209558,,,,342.76,238050,,,296.20,297.10,150,,2025-04-21 09:55:58.644
tf,NFO,79631,,,,,300.00,-33.36,,1745209560,,,,,,,,,,,,2025-04-21 09:55:59.784
tf,NFO,79631,,,,,,,,1745209560,,,,342.74,238125,,,300.45,301.25,,75,2025-04-21 09:56:00.239
tf,NFO,79631,,,,,,,,1745209562,,,,,,,,298.60,299.35,,300,2025-04-21 09:56:01.864
tf,NFO,79631,,,,,,,,1745209564,,,,,,,,299.15,299.95,,150,2025-04-21 09:56:03.641
tf,NFO,79631,,,,,301.55,-33.02,,1745209564,,,,,,,,,,,,2025-04-21 09:56:03.990
tf,NFO,79631,,,,,300.00,-33.36,,1745209565,,,,,,,,,,,,2025-04-21 09:56:04.781
tf,NFO,79631,,,,,,,,1745209565,,,,342.69,238425,,,299.90,300.65,,,2025-04-21 09:56:05.291
tf,NFO,79631,,,,,301.00,-33.14,,1745209565,,,,,,,,,,,,2025-04-21 09:56:05.603
tf,NFO,79631,,,,,300.00,-33.36,,1745209566,,,,,,,,,,,,2025-04-21 09:56:06.589
tf,NFO,79631,,,,,,,,1745209567,,,,342.36,240300,,,299.30,300.00,225,75,2025-04-21 09:56:06.844
tf,NFO,79631,,,,,,,,1745209569,,,,,,,,298.05,298.80,150,,2025-04-21 09:56:08.647
tf,NFO,79631,,,,,298.00,-33.81,,1745209569,,,,,,,,,,,,2025-04-21 09:56:08.984
tf,NFO,79631,,,,,,,,1745209570,,,,342.31,240600,,,299.75,300.55,,150,2025-04-21 09:56:10.249
tf,NFO,79631,,,,,299.95,-33.37,,1745209571,,,,,,,,,,,,2025-04-21 09:56:10.985
tf,NFO,79631,,,,,,,,1745209572,,,,341.97,242475,,,299.15,300.00,,,2025-04-21 09:56:11.881
tf,NFO,79631,,,,,,,,1745209574,,,,,,,,298.95,299.70,,,2025-04-21 09:56:13.752
tf,NFO,79631,,,,,,,,1745209575,,,,,,,,296.95,297.70,300,75,2025-04-21 09:56:15.261
tf,NFO,79631,,,,,,,,1745209577,,,,,,,,299.10,299.90,150,300,2025-04-21 09:56:16.874
tf,NFO,79631,,,,,299.00,-33.59,,1745209577,,,,,,,,,,,,2025-04-21 09:56:17.188
tf,NFO,79631,,,,,,,,1745209579,,,,341.96,242550,,,297.90,298.80,225,,2025-04-21 09:56:18.660
tf,NFO,79631,,,,,,,,1745209580,,,,,,,,298.60,299.40,150,150,2025-04-21 09:56:20.266
tf,NFO,79631,,,,,,,,1745209582,,,,,,,,300.70,301.80,450,75,2025-04-21 09:56:21.869
tf,NFO,79631,,,,,303.10,-32.67,,1745209584,,,,341.95,242625,,,302.40,304.00,150,,2025-04-21 09:56:23.669
tf,NFO,79631,,,,,,,,1745209585,,,,,,,,,303.20,75,150,2025-04-21 09:56:25.284
tf,NFO,79631,,,,,,,,1745209587,,,,,,,,302.90,303.95,300,75,2025-04-21 09:56:26.874
tf,NFO,79631,,,,,304.90,-32.27,,1745209587,,,,,,,,,,,,2025-04-21 09:56:27.399
tf,NFO,79631,,,,,305.60,-32.12,,1745209588,,,,,,,,,,,,2025-04-21 09:56:28.199
tf,NFO,79631,,,,,,,,1745209589,,,,341.92,242850,,,304.35,305.15,75,225,2025-04-21 09:56:28.684
tf,NFO,79631,,,,,302.25,-32.86,,1745209589,,,,,,,,,,,,2025-04-21 09:56:29.601
tf,NFO,79631,,,,,,,,1745209590,,,,341.89,243000,,,302.85,303.80,375,150,2025-04-21 09:56:30.279
tf,NFO,79631,,,,,302.65,-32.77,,1745209591,,,,,,,,,,,,2025-04-21 09:56:30.798
tf,NFO,79631,,,,,300.65,-33.22,,1745209591,,,,,,,,,,,,2025-04-21 09:56:31.628
tf,NFO,79631,,,,,,,,1745209592,,,,341.78,243675,,,300.00,300.75,150,75,2025-04-21 09:56:31.961
tf,NFO,79631,,,,,301.00,-33.14,,1745209593,,,,,,,,,,,,2025-04-21 09:56:33.202
tf,NFO,79631,,,,,,,,1745209594,,,,341.75,243825,,,299.70,300.50,,150,2025-04-21 09:56:33.682
tf,NFO,79631,,,,,300.10,-33.34,,1745209594,,,,,,,,,,,,2025-04-21 09:56:34.604
tf,NFO,79631,,,,,299.70,-33.43,,1745209595,,,,341.73,243975,,,299.25,300.00,75,,2025-04-21 09:56:35.288
tf,NFO,79631,,,,,298.75,-33.64,,1745209596,,,,,,,,,,,,2025-04-21 09:56:36.606
tf,NFO,79631,,,,,,,,1745209597,,,,341.69,244200,,,298.50,299.35,,300,2025-04-21 09:56:36.892
tf,NFO,79631,,,,,,,,1745209598,,,,,,,,298.05,298.75,600,75,2025-04-21 09:56:38.569
tf,NFO,79631,,,,,,,,1745209600,,,,,,,,297.90,298.65,150,150,2025-04-21 09:56:40.100
tf,NFO,79631,,,,,,,,1745209602,,,,,,,,297.45,298.30,,300,2025-04-21 09:56:41.902
tf,NFO,79631,,,,,297.65,-33.88,,1745209602,,,,,,,,,,,,2025-04-21 09:56:42.418
tf,NFO,79631,,,,,,,,1745209603,,,,341.64,244500,,,297.65,298.45,,150,2025-04-21 09:56:43.508
tf,NFO,79631,,,,,296.50,-34.14,,1745209605,,,,,,,,,,,,2025-04-21 09:56:44.839
tf,NFO,79631,,,,,296.40,-34.16,,1745209605,,,,341.61,244650,,,295.80,296.55,300,,2025-04-21 09:56:45.113
tf,NFO,79631,,,,,296.60,-34.12,,1745209605,,,,,,,,,,,,2025-04-21 09:56:45.710
tf,NFO,79631,,,,,296.25,-34.20,,1745209606,,,,,,,,,,,,2025-04-21 09:56:46.704
tf,NFO,79631,,,,,,,,1745209607,,,,341.55,244950,,,295.95,296.70,,,2025-04-21 09:56:46.907
tf,NFO,79631,,,,,,,,1745209608,,,,,,,,297.00,297.85,150,225,2025-04-21 09:56:48.536
tf,NFO,79631,,,,,,,,1745209610,,,,,,,,298.85,299.65,,150,2025-04-21 09:56:50.120
tf,NFO,79631,,,,,297.40,-33.94,,1745209611,,,,,,,,,,,,2025-04-21 09:56:52.267
tf,NFO,79631,,,,,,,,1745209612,,,,341.54,245025,,,297.05,297.90,225,,2025-04-21 09:56:52.296
tf,NFO,79631,,,,,298.65,-33.66,,1745209612,,,,,,,,,,,,2025-04-21 09:56:52.472
tf,NFO,79631,,,,,298.15,-33.77,,1745209613,,,,,,,,,,,,2025-04-21 09:56:52.813
tf,NFO,79631,,,,,297.50,-33.92,,1745209613,,,,341.00,248100,,,297.45,298.20,150,75,2025-04-21 09:56:53.547
tf,NFO,79631,,,,,,,,1745209615,,,,,,,,297.20,298.00,,150,2025-04-21 09:56:55.131
tf,NFO,79631,,,,,,,,1745209617,,,,,,,,296.85,297.60,300,,2025-04-21 09:56:56.930
tf,NFO,79631,,,,,,,,1745209618,,,,,,,,296.70,297.50,150,375,2025-04-21 09:56:58.638
tf,NFO,79631,,,,,296.05,-34.24,,1745209620,,,,340.81,249150,,,295.20,296.00,300,600,2025-04-21 09:57:00.139
tf,NFO,79631,,,,,295.00,-34.47,,1745209621,,,,,,,,,,,,2025-04-21 09:57:01.020
tf,NFO,79631,,,,,295.45,-34.37,,1745209621,,,,,,,,,,,,2025-04-21 09:57:01.626
tf,NFO,79631,,,,,,,,1745209622,,,,340.78,249300,,,293.60,294.45,150,150,2025-04-21 09:57:01.940
tf,NFO,79631,,,,,,,,1745209623,,,,,,,,294.65,295.40,300,,2025-04-21 09:57:03.545
tf,NFO,79631,,,,,294.65,-34.55,,1745209623,,,,,,,,,,,,2025-04-21 09:57:03.624
tf,NFO,79631,,,,,295.20,-34.43,,1745209624,,,,,,,,,,,,2025-04-21 09:57:04.722
tf,NFO,79631,,,,,,,,1745209625,,,,340.70,249750,,,295.65,296.45,150,75,2025-04-21 09:57:05.162
tf,NFO,79631,,,,,,,,1745209627,,,,340.63,250125,,,296.10,296.95,,300,2025-04-21 09:57:06.947
tf,NFO,79631,,,,,,,,1745209628,,,,,,,,296.15,297.00,75,150,2025-04-21 09:57:08.552
tf,NFO,79631,,,,,294.65,-34.55,,1745209630,,,,,,,,,,,,2025-04-21 09:57:10.029
tf,NFO,79631,,,,,,,,1745209630,,,,340.47,251025,,,294.90,295.60,300,,2025-04-21 09:57:10.181
tf,NFO,79631,,,,,294.75,-34.53,,1745209630,,,,,,,,,,,,2025-04-21 09:57:10.655
tf,NFO,79631,,,,,,,,1745209632,,,,340.41,251325,,,294.10,294.85,375,,2025-04-21 09:57:12.101
tf,NFO,79631,,,,,,,,1745209633,,,,,,,,294.20,295.05,150,300,2025-04-21 09:57:13.551
tf,NFO,79631,,,,,294.00,-34.70,,1745209634,,,,,,,,,,,,2025-04-21 09:57:14.640
tf,NFO,79631,,,,,,,,1745209635,,,,340.39,251475,,,292.25,292.95,,150,2025-04-21 09:57:15.159
tf,NFO,79631,,,,,295.60,-34.34,,1745209636,,,,,,,,,,,,2025-04-21 09:57:16.443
tf,NFO,79631,,,,,,,,1745209637,,,,340.35,251700,,,294.20,294.90,,,2025-04-21 09:57:16.967
tf,NFO,79631,,,,,294.00,-34.70,,1745209637,,,,,,,,,,,,2025-04-21 09:57:17.656
tf,NFO,79631,,,,,295.00,-34.47,,1745209638,,,,339.99,253650,,,294.45,295.15,375,,2025-04-21 09:57:18.677
tf,NFO,79631,,,,,,,,1745209640,,,,,,,,294.40,295.10,225,225,2025-04-21 09:57:20.166
tf,NFO,79631,,,,,293.90,-34.72,,1745209641,,,,,,,,,,,,2025-04-21 09:57:21.311
tf,NFO,79631,,,,,,,,1745209642,,,,339.98,253725,,,294.10,294.85,75,,2025-04-21 09:57:21.959
tf,NFO,79631,,,,,292.90,-34.94,,1745209643,,,,,,,,,,,,2025-04-21 09:57:22.831
tf,NFO,79631,,,,,,,,1745209643,,,,339.95,253875,,,293.25,293.90,150,150,2025-04-21 09:57:23.590
tf,NFO,79631,,,,,293.15,-34.88,,1745209644,,,,,,,,,,,,2025-04-21 09:57:23.835
tf,NFO,79631,,,,,292.65,-35.00,,1745209644,,,,,,,,,,,,2025-04-21 09:57:24.642
tf,NFO,79631,,,,,,,,1745209645,,,,339.92,254025,,,293.60,294.35,,300,2025-04-21 09:57:25.236
tf,NFO,79631,,,,,295.20,-34.43,,1745209645,,,,,,,,,,,,2025-04-21 09:57:25.656
tf,NFO,79631,,,,,292.80,-34.96,,1745209646,,,,,,,,,,,,2025-04-21 09:57:26.642
tf,NFO,79631,,,,,,,,1745209647,,,,339.55,256125,,,292.60,293.15,75,150,2025-04-21 09:57:26.975
tf,NFO,79631,,,,,294.00,-34.70,,1745209648,,,,339.54,256200,,,293.35,294.10,,75,2025-04-21 09:57:28.589
tf,NFO,79631,,,,,293.65,-34.77,,1745209650,,,,,,,,,,,,2025-04-21 09:57:29.647
tf,NFO,79631,,,,,,,,1745209650,,,,339.52,256275,,,293.15,293.95,150,150,2025-04-21 09:57:30.182
tf,NFO,79631,,,,,293.95,-34.71,,1745209651,,,,,,,,,,,,2025-04-21 09:57:30.646
tf,NFO,79631,,,,,294.35,-34.62,,1745209652,,,,,,,,,,,,2025-04-21 09:57:31.730
tf,NFO,79631,,,,,,,,1745209652,,,,339.46,256650,,,292.80,293.60,,225,2025-04-21 09:57:31.975
tf,NFO,79631,,,,,292.80,-34.96,,1745209653,,,,,,,,,,,,2025-04-21 09:57:33.039
tf,NFO,79631,,,,,294.35,-34.62,,1745209653,,,,339.42,256875,,,293.70,294.45,,,2025-04-21 09:57:33.582
tf,NFO,79631,,,,,,,,1745209655,,,,,,,,293.10,293.90,675,150,2025-04-21 09:57:35.189
tf,NFO,79631,,,,,292.70,-34.98,,1745209656,,,,,,,,,,,,2025-04-21 09:57:36.040
tf,NFO,79631,,,,,,,,1745209657,,,,339.40,256950,,,293.25,294.30,225,300,2025-04-21 09:57:36.981
tf,NFO,79631,,,,,,,,1745209658,,,,,,,,292.25,292.95,75,225,2025-04-21 09:57:38.603
tf,NFO,79631,,,,,292.50,-35.03,,1745209660,,,,,,66450,,,,,,2025-04-21 09:57:39.841
tf,NFO,79631,,,,,,,,1745209660,,,,339.36,257175,,,292.80,293.65,300,75,2025-04-21 09:57:40.197
tf,NFO,79631,,,,,293.55,-34.80,,1745209662,,,,,,,,,,,,2025-04-21 09:57:41.651
tf,NFO,79631,,,,,292.50,-35.03,,1745209662,,,,339.32,257400,,,292.45,293.20,,225,2025-04-21 09:57:41.990
tf,NFO,79631,,,,,,,,1745209663,,,,,,,,291.75,292.60,150,525,2025-04-21 09:57:43.601
tf,NFO,79631,,,,,291.70,-35.21,,1745209664,,,,,,,,,,,,2025-04-21 09:57:44.545
tf,NFO,79631,,,,,,,,1745209665,,,,339.31,257475,,,291.60,292.35,225,150,2025-04-21 09:57:45.342
tf,NFO,79631,,,,,291.30,-35.30,,1745209666,,,,,,,,,,,,2025-04-21 09:57:46.048
tf,NFO,79631,,,,,291.10,-35.34,,1745209667,,,,,,,,,,,,2025-04-21 09:57:46.658
tf,NFO,79631,,,,,,,,1745209667,,,,339.25,257775,,,289.95,290.70,150,,2025-04-21 09:57:47.002
tf,NFO,79631,,,,,293.50,-34.81,,1745209668,,,,,,,,,,,,2025-04-21 09:57:48.463
tf,NFO,79631,,,,,293.55,-34.80,,1745209668,,,,339.20,258075,,,293.95,294.80,375,75,2025-04-21 09:57:48.630
tf,NFO,79631,,,,,,,,1745209670,,,,,,,,295.10,295.85,75,150,2025-04-21 09:57:50.214
tf,NFO,79631,,,,,,,,1745209672,,,,,,,,296.35,297.20,,75,2025-04-21 09:57:52.036
tf,NFO,79631,,,,,297.50,-33.92,,1745209673,,,,,,,,,,,,2025-04-21 09:57:53.288
tf,NFO,79631,,,,,,,,1745209673,,,,339.18,258150,,,297.70,298.45,150,150,2025-04-21 09:57:53.897
tf,NFO,79631,,,,,297.10,-34.01,,1745209675,,,,,,,,,,,,2025-04-21 09:57:54.973
tf,NFO,79631,,,,,,,,1745209675,,,,339.03,259125,,,297.30,298.00,,375,2025-04-21 09:57:55.223
tf,NFO,79631,,,,,,,,1745209677,,,,,,,,298.45,299.25,75,,2025-04-21 09:57:57.017
tf,NFO,79631,,,,,,,,1745209678,,,,,,,,299.15,300.00,150,225,2025-04-21 09:57:58.670
tf,NFO,79631,,,,,,,,1745209680,,,,,,,,296.30,297.05,675,,2025-04-21 09:58:00.223
tf,NFO,79631,,,,,,,,1745209682,,,,,,,,296.20,296.95,75,150,2025-04-21 09:58:02.020
tf,NFO,79631,,,,,,,,1745209683,,,,,,,,295.10,295.90,,600,2025-04-21 09:58:03.641
tf,NFO,79631,,,,,295.00,-34.47,,1745209684,,,,,,,,,,,,2025-04-21 09:58:03.862
tf,NFO,79631,,,,,,,,1745209685,,,,339.01,259200,,,,295.85,,225,2025-04-21 09:58:05.251
tf,NFO,79631,,,,,296.05,-34.24,,1745209687,,,,339.00,259275,,,294.60,295.30,600,600,2025-04-21 09:58:07.030
tf,NFO,79631,,,,,,,,1745209688,,,,,,,,293.55,294.25,300,150,2025-04-21 09:58:08.667
tf,NFO,79631,,,,,293.55,-34.80,,1745209689,,,,,,,,,,,,2025-04-21 09:58:08.857
tf,NFO,79631,,,,,,,,1745209690,,,,338.95,259575,,,292.80,293.55,75,,2025-04-21 09:58:10.275
tf,NFO,79631,,,,,,,,1745209692,,,,,,,,291.45,292.20,,675,2025-04-21 09:58:12.135
tf,NFO,79631,,,,,,,,1745209694,,,,,,,,,292.15,,375,2025-04-21 09:58:13.655
tf,NFO,79631,,,,,,,,1745209695,,,,,,,,290.75,291.45,,,2025-04-21 09:58:15.271
tf,NFO,79631,,,,,290.85,-35.40,,1745209696,,,,,,,,,,,,2025-04-21 09:58:15.862
tf,NFO,79631,,,,,291.70,-35.21,,1745209697,,,,,,,,,,,,2025-04-21 09:58:16.669
tf,NFO,79631,,,,,,,,1745209697,,,,338.92,259725,,,290.60,291.30,,225,2025-04-21 09:58:17.046
tf,NFO,79631,,,,,,,,1745209699,,,,,,,,290.45,291.15,,150,2025-04-21 09:58:18.735
tf,NFO,79631,,,,,,,,1745209700,,,,,,,,291.05,291.75,150,,2025-04-21 09:58:20.280
tf,NFO,79631,,,,,,,,1745209702,,,,,,,,290.90,,225,225,2025-04-21 09:58:22.390
tf,NFO,79631,,,,,,,,1745209704,,,,,,,,291.80,292.55,,150,2025-04-21 09:58:23.665
