t,e,tk,ts,pp,ls,ti,lp,pc,c,ft,o,h,l,ap,v,oi,poi,bp1,sp1,bq1,sq1,received_timestamp
tk,NFO,79529,NIFTY24APR25C24000,2,75,0.05,164.00,36.67,120.00,1745209404,140.00,175.90,121.55,147.99,60708225,9174075,5590050,164.00,164.25,525,525,2025-04-21 09:53:24.027
tf,NFO,79529,,,,,163.40,36.17,,1745209404,,,,,,,,,,,,2025-04-21 09:53:24.369
tf,NFO,79529,,,,,163.15,35.96,,1745209405,,,,,,,,,,,,2025-04-21 09:53:25.371
tf,NFO,79529,,,,,,,,1745209405,,,,148.01,60782325,,,163.30,163.55,300,675,2025-04-21 09:53:25.615
tf,NFO,79529,,,,,162.45,35.38,,1745209406,,,,,,,,,,,,2025-04-21 09:53:26.443
tf,NFO,79529,,,,,163.40,36.17,,1745209407,,,,148.02,60827250,,,162.80,163.15,450,450,2025-04-21 09:53:27.251
tf,NFO,79529,,,,,162.75,35.62,,1745209407,,,,,,,,,,,,2025-04-21 09:53:27.452
tf,NFO,79529,,,,,161.75,34.79,,1745209408,,,,,,,,,,,,2025-04-21 09:53:28.456
tf,NFO,79529,,,,,161.55,34.62,,1745209409,,,,148.03,60852450,,,161.20,161.55,75,300,2025-04-21 09:53:28.879
tf,NFO,79529,,,,,161.25,34.38,,1745209409,,,,,,,,,,,,2025-04-21 09:53:29.576
tf,NFO,79529,,,,,162.30,35.25,,1745209410,,,,,,,,,,,,2025-04-21 09:53:30.373
tf,NFO,79529,,,,,162.55,35.46,,1745209410,,,,,60888450,,,162.50,162.70,825,75,2025-04-21 09:53:30.621
tf,NFO,79529,,,,,162.25,35.21,,1745209411,,,,,,,,,,,,2025-04-21 09:53:31.378
tf,NFO,79529,,,,,163.15,35.96,,1745209412,,,,148.04,60909075,,,162.80,163.15,375,300,2025-04-21 09:53:32.236
tf,NFO,79529,,,,,162.60,35.50,,1745209412,,,,,,,,,,,,2025-04-21 09:53:32.381
tf,NFO,79529,,,,,162.00,35.00,,1745209413,,,,,,,,,,,,2025-04-21 09:53:33.404
tf,NFO,79529,,,,,161.80,34.83,,1745209414,,,,,60926400,,,161.55,161.75,,75,2025-04-21 09:53:33.838
tf,NFO,79529,,,,,162.80,35.67,,1745209414,,,,,,,,,,,,2025-04-21 09:53:34.374
tf,NFO,79529,,,,,162.00,35.00,,1745209415,,,,,,,,,,,,2025-04-21 09:53:35.377
tf,NFO,79529,,,,,161.70,34.75,,1745209415,,,,148.05,60945975,,,161.85,162.15,75,375,2025-04-21 09:53:35.641
tf,NFO,79529,,,,,162.40,35.33,,1745209416,,,,,,,,,,,,2025-04-21 09:53:36.377
tf,NFO,79529,,,,,163.20,36.00,,1745209417,,,,,60957825,,,162.85,163.20,375,225,2025-04-21 09:53:37.025
tf,NFO,79529,,,,,162.85,35.71,,1745209417,,,,,,,,,,,,2025-04-21 09:53:37.376
tf,NFO,79529,,,,,163.60,36.33,,1745209418,,,,,,,,,,,,2025-04-21 09:53:38.379
tf,NFO,79529,,,,,,,,1745209419,,,,,60976350,,,163.30,163.70,75,750,2025-04-21 09:53:38.868
tf,NFO,79529,,,,,163.40,36.17,,1745209419,,,,,,,,,,,,2025-04-21 09:53:39.476
tf,NFO,79529,,,,,164.60,37.17,,1745209420,,,,,,,,,,,,2025-04-21 09:53:40.422
tf,NFO,79529,,,,,,,,1745209420,,,,148.06,60999525,,,164.35,164.60,525,75,2025-04-21 09:53:40.567
tf,NFO,79529,,,,,165.00,37.50,,1745209421,,,,,,,,,,,,2025-04-21 09:53:41.385
tf,NFO,79529,,,,,164.35,36.96,,1745209422,,,,148.07,61041900,,,164.00,164.40,975,1275,2025-04-21 09:53:42.032
tf,NFO,79529,,,,,164.50,37.08,,1745209422,,,,,,,,,,,,2025-04-21 09:53:42.394
tf,NFO,79529,,,,,162.85,35.71,,1745209423,,,,,,,,,,,,2025-04-21 09:53:43.383
tf,NFO,79529,,,,,162.60,35.50,,1745209424,,,,148.08,61066800,,,162.30,162.60,75,1200,2025-04-21 09:53:43.857
tf,NFO,79529,,,,,164.35,36.96,,1745209424,,,,,,,,,,,,2025-04-21 09:53:44.388
tf,NFO,79529,,,,,162.90,35.75,,1745209425,,,,,,,,,,,,2025-04-21 09:53:45.380
tf,NFO,79529,,,,,162.65,35.54,,1745209425,,,,,61087500,,,162.65,162.95,300,75,2025-04-21 09:53:45.457
tf,NFO,79529,,,,,163.00,35.83,,1745209426,,,,,,,,,,,,2025-04-21 09:53:46.515
tf,NFO,79529,,,,,,,,1745209427,,,,148.09,61105050,,,162.70,163.10,750,1050,2025-04-21 09:53:47.080
tf,NFO,79529,,,,,163.65,36.38,,1745209427,,,,,,,,,,,,2025-04-21 09:53:47.400
tf,NFO,79529,,,,,164.00,36.67,,1745209428,,,,,,,,,,,,2025-04-21 09:53:48.385
tf,NFO,79529,,,,,163.15,35.96,,1745209429,,,,,61117650,,,163.05,163.40,375,600,2025-04-21 09:53:48.863
tf,NFO,79529,,,,,163.80,36.50,,1745209429,,,,,,,,,,,,2025-04-21 09:53:49.385
tf,NFO,79529,,,,,162.90,35.75,,1745209430,,,,,,,,,,,,2025-04-21 09:53:50.384
tf,NFO,79529,,,,,162.75,35.62,,1745209430,,,,148.10,61138050,,,162.50,162.80,225,675,2025-04-21 09:53:50.464
tf,NFO,79529,,,,,163.80,36.50,,1745209431,,,,,,,,,,,,2025-04-21 09:53:51.395
tf,NFO,79529,,,,,,,,1745209432,,,,,61155225,,,163.70,164.05,375,150,2025-04-21 09:53:52.072
tf,NFO,79529,,,,,163.60,36.33,,1745209432,,,,,,,,,,,,2025-04-21 09:53:52.420
tf,NFO,79529,,,,,163.85,36.54,,1745209433,,,,,,,,,,,,2025-04-21 09:53:53.465
tf,NFO,79529,,,,,163.15,35.96,,1745209434,,,,148.11,61176225,,,162.95,163.30,,750,2025-04-21 09:53:53.900
tf,NFO,79529,,,,,163.20,36.00,,1745209434,,,,,,,,,,,,2025-04-21 09:53:54.418
tf,NFO,79529,,,,,162.60,35.50,,1745209435,,,,,,,,,,,,2025-04-21 09:53:55.454
tf,NFO,79529,,,,,162.25,35.21,,1745209435,,,,,61194975,,,162.25,162.50,1200,975,2025-04-21 09:53:55.490
tf,NFO,79529,,,,,163.50,36.25,,1745209436,,,,,,,,,,,,2025-04-21 09:53:56.406
tf,NFO,79529,,,,,163.40,36.17,,1745209437,,,,148.12,61214325,,,162.85,163.20,450,300,2025-04-21 09:53:57.078
tf,NFO,79529,,,,,162.20,35.17,,1745209437,,,,,,,,,,,,2025-04-21 09:53:57.596
tf,NFO,79529,,,,,163.05,35.88,,1745209438,,,,,,,,,,,,2025-04-21 09:53:58.389
tf,NFO,79529,,,,,162.75,35.62,,1745209439,,,,,61245375,,,162.75,163.10,225,375,2025-04-21 09:53:58.886
tf,NFO,79529,,,,,163.20,36.00,,1745209439,,,,,,,,,,,,2025-04-21 09:53:59.455
tf,NFO,79529,,,,,163.35,36.12,,1745209440,,,,,,,,,,,,2025-04-21 09:54:00.421
tf,NFO,79529,,,,,,,,1745209440,,,,148.13,61264800,,,162.95,163.35,375,,2025-04-21 09:54:00.632
tf,NFO,79529,,,,,162.90,35.75,,1745209441,,,,,,,,,,,,2025-04-21 09:54:01.457
tf,NFO,79529,,,,,162.60,35.50,,1745209442,,,,,61288725,,,162.55,162.95,1350,,2025-04-21 09:54:02.090
tf,NFO,79529,,,,,163.75,36.46,,1745209442,,,,,,,,,,,,2025-04-21 09:54:02.477
tf,NFO,79529,,,,,163.00,35.83,,1745209443,,,,,,,,,,,,2025-04-21 09:54:03.394
tf,NFO,79529,,,,,162.25,35.21,,1745209444,,,,148.14,61312050,,,162.45,162.60,225,1575,2025-04-21 09:54:03.891
tf,NFO,79529,,,,,163.10,35.92,,1745209444,,,,,,,,,,,,2025-04-21 09:54:04.392
tf,NFO,79529,,,,,162.85,35.71,,1745209445,,,,,,,,,,,,2025-04-21 09:54:05.395
tf,NFO,79529,,,,,162.55,35.46,,1745209445,,,,,61324275,,,162.60,162.90,75,750,2025-04-21 09:54:05.566
tf,NFO,79529,,,,,161.55,34.62,,1745209446,,,,,,,,,,,,2025-04-21 09:54:06.397
tf,NFO,79529,,,,,162.10,35.08,,1745209447,,,,148.15,61346550,,,162.10,162.40,,1050,2025-04-21 09:54:07.073
tf,NFO,79529,,,,,162.80,35.67,,1745209447,,,,,,,,,,,,2025-04-21 09:54:07.404
tf,NFO,79529,,,,,162.75,35.62,,1745209448,,,,,,,,,,,,2025-04-21 09:54:08.398
tf,NFO,79529,,,,,162.60,35.50,,1745209449,,,,148.16,61385400,,,162.20,162.60,450,1200,2025-04-21 09:54:08.877
tf,NFO,79529,,,,,162.35,35.29,,1745209449,,,,,,,,,,,,2025-04-21 09:54:09.398
tf,NFO,79529,,,,,162.00,35.00,,1745209450,,,,,61404075,,,161.80,161.95,150,150,2025-04-21 09:54:10.479
tf,NFO,79529,,,,,162.20,35.17,,1745209451,,,,,,,,,,,,2025-04-21 09:54:11.397
tf,NFO,79529,,,,,162.05,35.04,,1745209452,,,,,61415850,,,162.15,162.45,300,225,2025-04-21 09:54:12.080
tf,NFO,79529,,,,,161.75,34.79,,1745209452,,,,,,,,,,,,2025-04-21 09:54:12.490
tf,NFO,79529,,,,,161.25,34.38,,1745209453,,,,,,,,,,,,2025-04-21 09:54:13.559
tf,NFO,79529,,,,,162.00,35.00,,1745209454,,,,148.17,61432125,,,161.70,161.95,,1800,2025-04-21 09:54:13.978
tf,NFO,79529,,,,,161.80,34.83,,1745209454,,,,,,,,,,,,2025-04-21 09:54:14.456
tf,NFO,79529,,,,,161.65,34.71,,1745209455,,,,,,,,,,,,2025-04-21 09:54:15.428
tf,NFO,79529,,,,,162.00,35.00,,1745209455,,,,,61452150,,,162.00,162.15,450,375,2025-04-21 09:54:15.508
tf,NFO,79529,,,,,163.05,35.88,,1745209456,,,,,,,,,,,,2025-04-21 09:54:16.417
tf,NFO,79529,,,,,162.95,35.79,,1745209457,,,,148.18,61475250,,,162.95,163.30,900,300,2025-04-21 09:54:17.086
tf,NFO,79529,,,,,163.05,35.88,,1745209457,,,,,,,,,,,,2025-04-21 09:54:17.423
tf,NFO,79529,,,,,163.20,36.00,,1745209458,,,,,,,,,,,,2025-04-21 09:54:18.410
tf,NFO,79529,,,,,163.30,36.08,,1745209459,,,,,61492275,,,163.05,,225,1425,2025-04-21 09:54:18.900
tf,NFO,79529,,,,,164.20,36.83,,1745209459,,,,,,,,,,,,2025-04-21 09:54:20.066
tf,NFO,79529,,,,,165.15,37.62,,1745209460,,,,,,,,,,,,2025-04-21 09:54:20.494
tf,NFO,79529,,,,,164.70,37.25,,1745209460,,,,148.20,61548300,,,164.75,165.15,450,900,2025-04-21 09:54:20.584
tf,NFO,79529,,,,,165.05,37.54,,1745209461,,,,,,,,,,,,2025-04-21 09:54:21.415
tf,NFO,79529,,,,,164.55,37.12,,1745209462,,,,,61575900,,,164.55,164.95,375,450,2025-04-21 09:54:22.191
tf,NFO,79529,,,,,164.80,37.33,,1745209462,,,,,,,,,,,,2025-04-21 09:54:22.514
tf,NFO,79529,,,,,164.20,36.83,,1745209463,,,,,,,,,,,,2025-04-21 09:54:23.406
tf,NFO,79529,,,,,164.85,37.38,,1745209464,,,,148.21,61599150,,,164.75,165.00,75,75,2025-04-21 09:54:24.010
tf,NFO,79529,,,,,164.65,37.21,,1745209464,,,,,,,,,,,,2025-04-21 09:54:24.478
tf,NFO,79529,,,,,164.50,37.08,,1745209465,,,,,,,,,,,,2025-04-21 09:54:25.606
tf,NFO,79529,,,,,164.40,37.00,,1745209465,,,,148.22,61622400,,,164.05,164.40,150,1050,2025-04-21 09:54:25.610
tf,NFO,79529,,,,,164.05,36.71,,1745209466,,,,,,,,,,,,2025-04-21 09:54:26.622
tf,NFO,79529,,,,,164.75,37.29,,1745209467,,,,,61640850,,,164.40,164.75,225,975,2025-04-21 09:54:27.133
tf,NFO,79529,,,,,164.00,36.67,,1745209467,,,,,,,,,,,,2025-04-21 09:54:27.409
tf,NFO,79529,,,,,163.90,36.58,,1745209468,,,,,,,,,,,,2025-04-21 09:54:28.409
tf,NFO,79529,,,,,163.85,36.54,,1745209469,,,,,61652550,,,163.80,164.15,75,450,2025-04-21 09:54:28.905
tf,NFO,79529,,,,,165.00,37.50,,1745209469,,,,,,,,,,,,2025-04-21 09:54:29.426
tf,NFO,79529,,,,,163.50,36.25,,1745209470,,,,,,,,,,,,2025-04-21 09:54:30.494
tf,NFO,79529,,,,,163.15,35.96,,1745209470,,,,148.23,61677750,,,163.15,163.45,225,150,2025-04-21 09:54:30.506
tf,NFO,79529,,,,,164.20,36.83,,1745209471,,,,,,,,,,,,2025-04-21 09:54:31.411
tf,NFO,79529,,,,,163.85,36.54,,1745209472,,,,148.24,61700925,,,163.45,163.60,75,750,2025-04-21 09:54:32.183
tf,NFO,79529,,,,,163.95,36.62,,1745209472,,,,,,,,,,,,2025-04-21 09:54:32.552
tf,NFO,79529,,,,,163.45,36.21,,1745209473,,,,,,,,,,,,2025-04-21 09:54:33.441
tf,NFO,79529,,,,,164.15,36.79,,1745209474,,,,,61724625,,,164.15,164.40,,450,2025-04-21 09:54:33.997
tf,NFO,79529,,,,,164.55,37.12,,1745209474,,,,,,,,,,,,2025-04-21 09:54:34.417
tf,NFO,79529,,,,,163.95,36.62,,1745209475,,,,,,,,,,,,2025-04-21 09:54:35.463
tf,NFO,79529,,,,,163.85,36.54,,1745209475,,,,148.25,61741350,,,163.45,163.80,300,600,2025-04-21 09:54:35.628
tf,NFO,79529,,,,,164.75,37.29,,1745209476,,,,,,,,,,,,2025-04-21 09:54:36.415
tf,NFO,79529,,,,,,,,1745209477,,,,,61754475,,,164.40,164.75,1800,75,2025-04-21 09:54:37.147
tf,NFO,79529,,,,,164.50,37.08,,1745209477,,,,,,,,,,,,2025-04-21 09:54:37.414
tf,NFO,79529,,,,,163.90,36.58,,1745209478,,,,,,,,,,,,2025-04-21 09:54:38.420
tf,NFO,79529,,,,,164.50,37.08,,1745209479,,,,148.26,61777275,,,164.30,164.55,150,,2025-04-21 09:54:38.773
tf,NFO,79529,,,,,164.90,37.42,,1745209479,,,,,,9363075,,,,,,2025-04-21 09:54:39.558
tf,NFO,79529,,,,,164.70,37.25,,1745209480,,,,,,,,,,,,2025-04-21 09:54:40.417
tf,NFO,79529,,,,,164.55,37.12,,1745209480,,,,,61805175,,,164.40,164.75,750,375,2025-04-21 09:54:40.516
tf,NFO,79529,,,,,164.60,37.17,,1745209481,,,,,,,,,,,,2025-04-21 09:54:41.415
tf,NFO,79529,,,,,165.00,37.50,,1745209482,,,,148.27,61822050,,,164.75,165.00,75,7500,2025-04-21 09:54:42.118
tf,NFO,79529,,,,,164.85,37.38,,1745209482,,,,,,,,,,,,2025-04-21 09:54:42.431
tf,NFO,79529,,,,,163.50,36.25,,1745209483,,,,,,,,,,,,2025-04-21 09:54:43.417
tf,NFO,79529,,,,,163.70,36.42,,1745209484,,,,,61851525,,,163.70,164.10,750,975,2025-04-21 09:54:43.723
tf,NFO,79529,,,,,164.15,36.79,,1745209484,,,,,,,,,,,,2025-04-21 09:54:44.419
tf,NFO,79529,,,,,164.50,37.08,,1745209485,,,,,,,,,,,,2025-04-21 09:54:45.536
tf,NFO,79529,,,,,164.95,37.46,,1745209485,,,,148.28,61877100,,,164.70,165.00,450,8025,2025-04-21 09:54:45.538
tf,NFO,79529,,,,,164.60,37.17,,1745209486,,,,,,,,,,,,2025-04-21 09:54:46.515
tf,NFO,79529,,,,,165.00,37.50,,1745209487,,,,148.29,61900575,,,164.80,,150,7350,2025-04-21 09:54:47.156
tf,NFO,79529,,,,,164.75,37.29,,1745209487,,,,,,,,,,,,2025-04-21 09:54:47.526
tf,NFO,79529,,,,,165.20,37.67,,1745209488,,,,,,,,,,,,2025-04-21 09:54:48.424
tf,NFO,79529,,,,,164.65,37.21,,1745209489,,,,,61924275,,,164.65,,750,150,2025-04-21 09:54:48.729
tf,NFO,79529,,,,,165.00,37.50,,1745209489,,,,,,,,,,,,2025-04-21 09:54:49.427
tf,NFO,79529,,,,,165.40,37.83,,1745209490,,,,148.30,61944825,,,165.00,165.40,1425,225,2025-04-21 09:54:50.529
tf,NFO,79529,,,,,164.75,37.29,,1745209491,,,,,,,,,,,,2025-04-21 09:54:51.446
tf,NFO,79529,,,,,164.90,37.42,,1745209492,,,,,61961025,,,164.60,164.95,225,900,2025-04-21 09:54:52.208
tf,NFO,79529,,,,,165.70,38.08,,1745209492,,,,,,,,,,,,2025-04-21 09:54:52.459
tf,NFO,79529,,,,,165.80,38.17,,1745209493,,,,,,,,,,,,2025-04-21 09:54:53.623
tf,NFO,79529,,,,,165.85,38.21,,1745209494,,,,148.32,62014275,,,165.85,166.20,525,150,2025-04-21 09:54:53.765
tf,NFO,79529,,,,,166.10,38.42,,1745209494,,,,,,,,,,,,2025-04-21 09:54:54.424
tf,NFO,79529,,,,,165.95,38.29,,1745209495,,,,,,,,,,,,2025-04-21 09:54:55.426
tf,NFO,79529,,,,,166.10,38.42,,1745209495,,,,148.33,62052225,,,165.75,166.05,450,75,2025-04-21 09:54:55.540
tf,NFO,79529,,,,,165.85,38.21,,1745209496,,,,,,,,,,,,2025-04-21 09:54:56.425
tf,NFO,79529,,,,,165.30,37.75,,1745209497,,,,148.34,62092950,,,164.90,165.30,600,225,2025-04-21 09:54:57.149
tf,NFO,79529,,,,,165.40,37.83,,1745209497,,,,,,,,,,,,2025-04-21 09:54:57.461
tf,NFO,79529,,,,,165.95,38.29,,1745209498,,,,,,,,,,,,2025-04-21 09:54:58.600
tf,NFO,79529,,,,,166.20,38.50,,1745209499,,,,148.35,62116425,,,165.80,166.15,75,675,2025-04-21 09:54:58.874
tf,NFO,79529,,,,,166.40,38.67,,1745209499,,,,,,,,,,,,2025-04-21 09:54:59.795
tf,NFO,79529,,,,,167.00,39.17,,1745209500,,,,,,,,,,,,2025-04-21 09:55:00.499
tf,NFO,79529,,,,,166.45,38.71,,1745209500,,,,148.37,62180250,,,166.45,166.80,,300,2025-04-21 09:55:00.610
tf,NFO,79529,,,,,165.80,38.17,,1745209501,,,,,,,,,,,,2025-04-21 09:55:01.440
tf,NFO,79529,,,,,165.00,37.50,,1745209502,,,,148.38,62213250,,,165.00,165.35,150,525,2025-04-21 09:55:02.150
tf,NFO,79529,,,,,164.55,37.12,,1745209502,,,,,,,,,,,,2025-04-21 09:55:02.434
tf,NFO,79529,,,,,165.35,37.79,,1745209503,,,,,,,,,,,,2025-04-21 09:55:03.432
tf,NFO,79529,,,,,165.65,38.04,,1745209504,,,,,62238675,,,165.20,165.60,1800,750,2025-04-21 09:55:03.754
tf,NFO,79529,,,,,166.05,38.38,,1745209504,,,,,,,,,,,,2025-04-21 09:55:04.431
tf,NFO,79529,,,,,166.35,38.62,,1745209505,,,,148.39,62270325,,,166.10,166.35,150,525,2025-04-21 09:55:05.757
tf,NFO,79529,,,,,165.95,38.29,,1745209506,,,,,,,,,,,,2025-04-21 09:55:06.547
tf,NFO,79529,,,,,166.20,38.50,,1745209507,,,,148.40,62301075,,,166.20,166.60,75,1350,2025-04-21 09:55:07.175
tf,NFO,79529,,,,,165.95,38.29,,1745209507,,,,,,,,,,,,2025-04-21 09:55:07.437
tf,NFO,79529,,,,,166.90,39.08,,1745209508,,,,,,,,,,,,2025-04-21 09:55:08.502
tf,NFO,79529,,,,,167.45,39.54,,1745209509,,,,148.41,62328225,,,167.20,167.45,,375,2025-04-21 09:55:08.878
tf,NFO,79529,,,,,166.65,38.88,,1745209509,,,,,,,,,,,,2025-04-21 09:55:09.436
tf,NFO,79529,,,,,167.75,39.79,,1745209510,,,,,,,,,,,,2025-04-21 09:55:10.442
tf,NFO,79529,,,,,167.50,39.58,,1745209510,,,,148.42,62379150,,,167.10,167.50,375,1050,2025-04-21 09:55:10.562
tf,NFO,79529,,,,,167.40,39.50,,1745209512,,,,,,,,,,,,2025-04-21 09:55:11.642
tf,NFO,79529,,,,,167.45,39.54,,1745209512,,,,148.44,62423775,,,167.20,167.45,150,75,2025-04-21 09:55:12.237
tf,NFO,79529,,,,,166.60,38.83,,1745209512,,,,,,,,,,,,2025-04-21 09:55:12.536
tf,NFO,79529,,,,,167.60,39.67,,1745209513,,,,,,,,,,,,2025-04-21 09:55:13.453
tf,NFO,79529,,,,,167.85,39.88,,1745209514,,,,148.45,62470125,,,167.70,168.05,900,225,2025-04-21 09:55:13.767
tf,NFO,79529,,,,,168.25,40.21,,1745209514,,,,,,,,,,,,2025-04-21 09:55:14.444
tf,NFO,79529,,,,,169.90,41.58,,1745209515,,,,148.47,62540475,,,169.80,169.90,525,450,2025-04-21 09:55:15.584
tf,NFO,79529,,,,,169.30,41.08,,1745209516,,,,,,,,,,,,2025-04-21 09:55:16.443
tf,NFO,79529,,,,,175.55,46.29,,1745209517,,177.00,,148.60,62871900,,,175.60,175.90,150,75,2025-04-21 09:55:17.179
tf,NFO,79529,,,,,175.30,46.08,,1745209517,,,,,,,,,,,,2025-04-21 09:55:17.454
tf,NFO,79529,,,,,176.80,47.33,,1745209518,,,,,,,,,,,,2025-04-21 09:55:18.451
tf,NFO,79529,,,,,177.00,47.50,,1745209519,,,,148.66,63010125,,,176.55,177.00,225,3525,2025-04-21 09:55:18.872
tf,NFO,79529,,,,,175.05,45.88,,1745209520,,,,,,,,,,,,2025-04-21 09:55:19.876
tf,NFO,79529,,,,,174.80,45.67,,1745209520,,,,,,,,,,,,2025-04-21 09:55:20.441
tf,NFO,79529,,,,,175.05,45.88,,1745209520,,,,148.72,63151875,,,175.05,175.50,450,1125,2025-04-21 09:55:20.589
tf,NFO,79529,,,,,176.80,47.33,,1745209521,,,,,,,,,,,,2025-04-21 09:55:21.442
tf,NFO,79529,,,,,178.20,48.50,,1745209522,,178.50,,148.78,63282675,,,177.80,178.20,600,375,2025-04-21 09:55:22.182
tf,NFO,79529,,,,,178.50,48.75,,1745209523,,,,,,,,,,,,2025-04-21 09:55:23.445
tf,NFO,79529,,,,,179.25,49.38,,1745209524,,179.95,,148.86,63438375,,,178.90,179.35,150,300,2025-04-21 09:55:23.784
tf,NFO,79529,,,,,179.00,49.17,,1745209524,,,,,,,,,,,,2025-04-21 09:55:24.448
tf,NFO,79529,,,,,178.00,48.33,,1745209525,,,,,,,,,,,,2025-04-21 09:55:25.685
tf,NFO,79529,,,,,177.85,48.21,,1745209525,,,,148.93,63585000,,,177.40,177.85,300,900,2025-04-21 09:55:25.691
tf,NFO,79529,,,,,178.45,48.71,,1745209526,,,,,,,,,,,,2025-04-21 09:55:26.463
tf,NFO,79529,,,,,180.10,50.08,,1745209527,,181.20,,149.02,63789000,,,180.10,180.45,900,75,2025-04-21 09:55:27.189
tf,NFO,79529,,,,,179.80,49.83,,1745209527,,,,,,,,,,,,2025-04-21 09:55:27.450
tf,NFO,79529,,,,,180.20,50.17,,1745209529,,,,,,,,,,,,2025-04-21 09:55:28.649
tf,NFO,79529,,,,,180.60,50.50,,1745209529,,,,149.09,63919500,,,180.25,180.65,150,825,2025-04-21 09:55:28.789
tf,NFO,79529,,,,,179.75,49.79,,1745209529,,,,,,,,,,,,2025-04-21 09:55:29.447
tf,NFO,79529,,,,,178.70,48.92,,1745209530,,,,149.13,64007925,,,178.25,178.75,600,1200,2025-04-21 09:55:30.392
tf,NFO,79529,,,,,178.75,48.96,,1745209530,,,,,,,,,,,,2025-04-21 09:55:30.450
tf,NFO,79529,,,,,180.00,50.00,,1745209531,,,,,,,,,,,,2025-04-21 09:55:31.455
tf,NFO,79529,,,,,179.05,49.21,,1745209532,,,,149.17,64090050,,,179.05,179.35,525,75,2025-04-21 09:55:32.018
tf,NFO,79529,,,,,179.20,49.33,,1745209532,,,,,,,,,,,,2025-04-21 09:55:32.623
tf,NFO,79529,,,,,179.80,49.83,,1745209533,,,,,,,,,,,,2025-04-21 09:55:33.460
tf,NFO,79529,,,,,179.65,49.71,,1745209534,,,,149.21,64184100,,,179.30,179.60,150,,2025-04-21 09:55:33.809
tf,NFO,79529,,,,,178.75,48.96,,1745209534,,,,,,,,,,,,2025-04-21 09:55:34.450
tf,NFO,79529,,,,,177.30,47.75,,1745209535,,,,149.23,64232250,,,177.30,177.60,225,,2025-04-21 09:55:35.403
tf,NFO,79529,,,,,177.20,47.67,,1745209535,,,,,,,,,,,,2025-04-21 09:55:35.459
tf,NFO,79529,,,,,176.60,47.17,,1745209537,,,,,,,,,,,,2025-04-21 09:55:36.657
tf,NFO,79529,,,,,177.70,48.08,,1745209537,,,,149.26,64305525,,,177.45,177.65,75,,2025-04-21 09:55:37.003
tf,NFO,79529,,,,,178.60,48.83,,1745209537,,,,,,,,,,,,2025-04-21 09:55:37.453
tf,NFO,79529,,,,,178.70,48.92,,1745209538,,,,,,,,,,,,2025-04-21 09:55:38.473
tf,NFO,79529,,,,,178.30,48.58,,1745209538,,,,149.29,64359750,,,178.40,178.80,150,750,2025-04-21 09:55:38.624
tf,NFO,79529,,,,,178.90,49.08,,1745209539,,,,,,,,,,,,2025-04-21 09:55:39.565
tf,NFO,79529,,,,,179.10,49.25,,1745209540,,,,149.31,64401075,,,178.65,179.10,300,225,2025-04-21 09:55:40.407
tf,NFO,79529,,,,,178.60,48.83,,1745209540,,,,,,,,,,,,2025-04-21 09:55:40.565
tf,NFO,79529,,,,,178.75,48.96,,1745209541,,,,,,,,,,,,2025-04-21 09:55:41.573
tf,NFO,79529,,,,,179.40,49.50,,1745209542,,,,149.32,64429950,,,179.15,179.60,375,375,2025-04-21 09:55:42.015
tf,NFO,79529,,,,,179.20,49.33,,1745209542,,,,,,,,,,,,2025-04-21 09:55:42.463
tf,NFO,79529,,,,,179.80,49.83,,1745209543,,,,,,,,,,,,2025-04-21 09:55:43.459
tf,NFO,79529,,,,,180.15,50.12,,1745209543,,,,149.36,64505700,,,179.70,180.20,1050,975,2025-04-21 09:55:43.612
tf,NFO,79529,,,,,180.65,50.54,,1745209544,,,,,,,,,,,,2025-04-21 09:55:44.458
tf,NFO,79529,,,,,178.90,49.08,,1745209545,,181.55,,149.39,64580100,,,178.50,178.90,150,525,2025-04-21 09:55:45.499
tf,NFO,79529,,,,,178.55,48.79,,1745209545,,,,,,,,,,,,2025-04-21 09:55:45.515
tf,NFO,79529,,,,,178.80,49.00,,1745209546,,,,,,,,,,,,2025-04-21 09:55:46.532
tf,NFO,79529,,,,,178.45,48.71,,1745209547,,,,149.42,64638600,,,178.45,178.80,300,600,2025-04-21 09:55:47.024
tf,NFO,79529,,,,,178.20,48.50,,1745209547,,,,,,,,,,,,2025-04-21 09:55:47.459
tf,NFO,79529,,,,,178.55,48.79,,1745209548,,,,,,,,,,,,2025-04-21 09:55:48.461
tf,NFO,79529,,,,,179.00,49.17,,1745209548,,,,149.43,64675650,,,178.60,178.95,750,300,2025-04-21 09:55:48.634
tf,NFO,79529,,,,,179.10,49.25,,1745209549,,,,,,,,,,,,2025-04-21 09:55:49.467
tf,NFO,79529,,,,,178.40,48.67,,1745209550,,,,149.46,64723425,,,178.30,178.70,825,150,2025-04-21 09:55:50.422
tf,NFO,79529,,,,,178.95,49.12,,1745209550,,,,,,,,,,,,2025-04-21 09:55:50.461
tf,NFO,79529,,,,,178.40,48.67,,1745209551,,,,,,,,,,,,2025-04-21 09:55:51.470
tf,NFO,79529,,,,,178.05,48.38,,1745209552,,,,149.47,64761975,,,178.00,178.40,3000,750,2025-04-21 09:55:52.251
tf,NFO,79529,,,,,177.15,47.62,,1745209553,,,,,,,,,,,,2025-04-21 09:55:52.666
tf,NFO,79529,,,,,175.25,46.04,,1745209553,,,,,,,,,,,,2025-04-21 09:55:53.461
tf,NFO,79529,,,,,174.90,45.75,,1745209553,,,,149.52,64880700,,,174.75,175.00,75,150,2025-04-21 09:55:53.674
tf,NFO,79529,,,,,175.30,46.08,,1745209554,,,,,,,,,,,,2025-04-21 09:55:54.461
tf,NFO,79529,,,,,176.35,46.96,,1745209555,,,,149.56,64970100,,,176.40,176.80,225,825,2025-04-21 09:55:55.435
tf,NFO,79529,,,,,176.85,47.38,,1745209555,,,,,,,,,,,,2025-04-21 09:55:55.472
tf,NFO,79529,,,,,175.25,46.04,,1745209556,,,,,,,,,,,,2025-04-21 09:55:56.475
tf,NFO,79529,,,,,175.35,46.12,,1745209557,,,,149.58,65014350,,,175.00,175.40,150,1125,2025-04-21 09:55:57.052
tf,NFO,79529,,,,,175.30,46.08,,1745209557,,,,,,,,,,,,2025-04-21 09:55:57.462
tf,NFO,79529,,,,,173.15,44.29,,1745209558,,,,,,,,,,,,2025-04-21 09:55:58.541
tf,NFO,79529,,,,,172.75,43.96,,1745209559,,,,149.61,65091600,,,172.80,173.10,75,300,2025-04-21 09:55:58.647
tf,NFO,79529,,,,,170.15,41.79,,1745209560,,,,,,,,,,,,2025-04-21 09:55:59.667
tf,NFO,79529,,,,,169.10,40.92,,1745209560,,,,149.65,65246475,,,169.20,169.55,150,75,2025-04-21 09:56:00.441
tf,NFO,79529,,,,,169.85,41.54,,1745209560,,,,,,,,,,,,2025-04-21 09:56:00.472
tf,NFO,79529,,,,,171.35,42.79,,1745209561,,,,,,,,,,,,2025-04-21 09:56:01.477
tf,NFO,79529,,,,,,,,1745209562,,,,149.68,65324100,,,170.90,171.20,375,150,2025-04-21 09:56:02.043
tf,NFO,79529,,,,,170.85,42.38,,1745209563,,,,,,,,,,,,2025-04-21 09:56:02.669
tf,NFO,79529,,,,,171.20,42.67,,1745209563,,,,,,,,,,,,2025-04-21 09:56:03.472
tf,NFO,79529,,,,,171.00,42.50,,1745209564,,,,149.69,65362275,,,170.25,170.65,450,375,2025-04-21 09:56:03.668
tf,NFO,79529,,,,,169.40,41.17,,1745209564,,,,,,,,,,,,2025-04-21 09:56:04.473
tf,NFO,79529,,,,,170.45,42.04,,1745209565,,,,149.71,65413125,,,170.10,170.50,525,150,2025-04-21 09:56:05.460
tf,NFO,79529,,,,,170.15,41.79,,1745209565,,,,,,,,,,,,2025-04-21 09:56:05.520
tf,NFO,79529,,,,,170.55,42.12,,1745209566,,,,,,,,,,,,2025-04-21 09:56:06.475
tf,NFO,79529,,,,,171.35,42.79,,1745209567,,,,149.72,65454750,,,170.95,171.35,450,75,2025-04-21 09:56:07.078
tf,NFO,79529,,,,,171.20,42.67,,1745209567,,,,,,,,,,,,2025-04-21 09:56:07.471
tf,NFO,79529,,,,,172.75,43.96,,1745209568,,,,,,,,,,,,2025-04-21 09:56:08.477
tf,NFO,79529,,,,,172.05,43.38,,1745209569,,,,149.73,65495625,,,172.00,172.40,1050,300,2025-04-21 09:56:08.655
tf,NFO,79529,,,,,173.85,44.88,,1745209569,,,,,,,,,,,,2025-04-21 09:56:09.475
tf,NFO,79529,,,,,173.30,44.42,,1745209570,,,,149.75,65536875,,,173.10,173.45,75,600,2025-04-21 09:56:10.454
tf,NFO,79529,,,,,173.35,44.46,,1745209570,,,,,,,,,,,,2025-04-21 09:56:10.478
tf,NFO,79529,,,,,172.80,44.00,,1745209571,,,,,,,,,,,,2025-04-21 09:56:11.521
tf,NFO,79529,,,,,173.75,44.79,,1745209572,,,,149.76,65559900,,,173.45,173.75,,225,2025-04-21 09:56:12.099
tf,NFO,79529,,,,,173.30,44.42,,1745209572,,,,,,,,,,,,2025-04-21 09:56:12.526
tf,NFO,79529,,,,,173.00,44.17,,1745209573,,,,,,,,,,,,2025-04-21 09:56:13.551
tf,NFO,79529,,,,,173.05,44.21,,1745209574,,,,149.77,65588550,,,172.95,173.35,450,150,2025-04-21 09:56:13.753
tf,NFO,79529,,,,,173.75,44.79,,1745209574,,,,,,,,,,,,2025-04-21 09:56:14.550
tf,NFO,79529,,,,,173.95,44.96,,1745209575,,,,,65604450,,,173.80,174.15,1200,,2025-04-21 09:56:15.467
tf,NFO,79529,,,,,174.15,45.12,,1745209575,,,,,,,,,,,,2025-04-21 09:56:15.479
tf,NFO,79529,,,,,172.75,43.96,,1745209576,,,,,,,,,,,,2025-04-21 09:56:16.479
tf,NFO,79529,,,,,172.90,44.08,,1745209577,,,,149.78,65634225,,,172.95,173.35,300,750,2025-04-21 09:56:17.066
tf,NFO,79529,,,,,173.40,44.50,,1745209577,,,,,,,,,,,,2025-04-21 09:56:17.478
tf,NFO,79529,,,,,174.20,45.17,,1745209578,,,,,,,,,,,,2025-04-21 09:56:18.511
tf,NFO,79529,,,,,173.65,44.71,,1745209579,,,,149.79,65656275,,,173.30,173.70,750,75,2025-04-21 09:56:18.671
tf,NFO,79529,,,,,173.00,44.17,,1745209579,,,,,,,,,,,,2025-04-21 09:56:19.498
tf,NFO,79529,,,,,172.55,43.79,,1745209580,,,,149.80,65691225,,,172.55,172.95,375,225,2025-04-21 09:56:20.469
tf,NFO,79529,,,,,172.95,44.12,,1745209580,,,,,,,,,,,,2025-04-21 09:56:20.487
tf,NFO,79529,,,,,171.70,43.08,,1745209581,,,,,,,,,,,,2025-04-21 09:56:21.482
tf,NFO,79529,,,,,171.20,42.67,,1745209582,,,,149.81,65717100,,,170.95,171.20,150,75,2025-04-21 09:56:22.078
tf,NFO,79529,,,,,170.85,42.38,,1745209582,,,,,,,,,,,,2025-04-21 09:56:22.480
tf,NFO,79529,,,,,170.40,42.00,,1745209583,,,,,,,,,,,,2025-04-21 09:56:23.482
tf,NFO,79529,,,,,170.00,41.67,,1745209584,,,,149.83,65768400,,,169.95,170.30,,150,2025-04-21 09:56:23.685
tf,NFO,79529,,,,,170.50,42.08,,1745209584,,,,,,,,,,,,2025-04-21 09:56:24.484
tf,NFO,79529,,,,,169.50,41.25,,1745209585,,,,149.84,65806125,,,169.45,169.80,225,225,2025-04-21 09:56:25.495
tf,NFO,79529,,,,,169.70,41.42,,1745209586,,,,,,,,,,,,2025-04-21 09:56:26.483
tf,NFO,79529,,,,,168.95,40.79,,1745209587,,,,149.85,65847375,,,168.60,168.90,825,1125,2025-04-21 09:56:27.082
tf,NFO,79529,,,,,168.35,40.29,,1745209587,,,,,,,,,,,,2025-04-21 09:56:27.486
tf,NFO,79529,,,,,167.20,39.33,,1745209588,,,,,,,,,,,,2025-04-21 09:56:28.487
tf,NFO,79529,,,,,167.15,39.29,,1745209589,,,,149.87,65899800,,,167.05,167.45,225,450,2025-04-21 09:56:28.687
tf,NFO,79529,,,,,168.90,40.75,,1745209589,,,,,,,,,,,,2025-04-21 09:56:29.492
tf,NFO,79529,,,,,169.00,40.83,,1745209590,,,,,,,,,,,,2025-04-21 09:56:30.495
tf,NFO,79529,,,,,,,,1745209590,,,,149.89,65972025,,,168.80,169.15,450,375,2025-04-21 09:56:30.496
tf,NFO,79529,,,,,170.70,42.25,,1745209592,,,,,,,,,,,,2025-04-21 09:56:31.952
tf,NFO,79529,,,,,171.25,42.71,,1745209592,,,,149.90,66013275,,,171.00,171.25,75,300,2025-04-21 09:56:32.192
tf,NFO,79529,,,,,170.65,42.21,,1745209592,,,,,,,,,,,,2025-04-21 09:56:32.572
tf,NFO,79529,,,,,171.05,42.54,,1745209593,,,,,,,,,,,,2025-04-21 09:56:33.496
tf,NFO,79529,,,,,171.50,42.92,,1745209594,,,,149.91,66037350,,,171.20,171.50,,900,2025-04-21 09:56:33.693
tf,NFO,79529,,,,,171.55,42.96,,1745209594,,,,,,,,,,,,2025-04-21 09:56:34.488
tf,NFO,79529,,,,,171.05,42.54,,1745209595,,,,,,,,,,,,2025-04-21 09:56:35.486
tf,NFO,79529,,,,,170.60,42.17,,1745209595,,,,,66057900,,,170.65,171.05,675,600,2025-04-21 09:56:35.494
tf,NFO,79529,,,,,172.25,43.54,,1745209596,,,,,,,,,,,,2025-04-21 09:56:36.490
tf,NFO,79529,,,,,172.00,43.33,,1745209597,,,,149.92,66074025,,,171.90,172.20,300,75,2025-04-21 09:56:37.100
tf,NFO,79529,,,,,172.45,43.71,,1745209597,,,,,,,,,,,,2025-04-21 09:56:37.495
tf,NFO,79529,,,,,172.25,43.54,,1745209598,,,,,,,,,,,,2025-04-21 09:56:38.566
tf,NFO,79529,,,,,171.75,43.12,,1745209599,,,,149.93,66089775,,,171.55,172.00,450,1050,2025-04-21 09:56:38.776
tf,NFO,79529,,,,,171.30,42.75,,1745209599,,,,,,,,,,,,2025-04-21 09:56:39.495
tf,NFO,79529,,,,,172.20,43.50,,1745209600,,,,,66112200,,,172.20,172.45,75,225,2025-04-21 09:56:40.304
tf,NFO,79529,,,,,172.40,43.67,,1745209600,,,,,,,,,,,,2025-04-21 09:56:40.491
tf,NFO,79529,,,,,172.20,43.50,,1745209601,,,,,,,,,,,,2025-04-21 09:56:41.499
tf,NFO,79529,,,,,,,,1745209602,,,,149.94,66135525,,,172.10,172.50,450,300,2025-04-21 09:56:42.105
tf,NFO,79529,,,,,172.05,43.38,,1745209602,,,,,,,,,,,,2025-04-21 09:56:42.494
tf,NFO,79529,,,,,171.95,43.29,,1745209603,,,,,,,,,,,,2025-04-21 09:56:43.502
tf,NFO,79529,,,,,172.20,43.50,,1745209604,,,,149.95,66152475,,,172.00,172.40,75,1425,2025-04-21 09:56:43.712
tf,NFO,79529,,,,,172.35,43.62,,1745209604,,,,,,,,,,,,2025-04-21 09:56:44.492
tf,NFO,79529,,,,,172.95,44.12,,1745209605,,,,149.96,66182025,,,172.60,172.90,,300,2025-04-21 09:56:45.311
tf,NFO,79529,,,,,172.60,43.83,,1745209605,,,,,,,,,,,,2025-04-21 09:56:45.515
tf,NFO,79529,,,,,172.80,44.00,,1745209606,,,,,,,,,,,,2025-04-21 09:56:46.529
tf,NFO,79529,,,,,172.50,43.75,,1745209607,,,,,66206700,,,172.50,,375,975,2025-04-21 09:56:47.148
tf,NFO,79529,,,,,172.90,44.08,,1745209607,,,,,,,,,,,,2025-04-21 09:56:47.550
tf,NFO,79529,,,,,172.40,43.67,,1745209608,,,,,,,,,,,,2025-04-21 09:56:48.502
tf,NFO,79529,,,,,172.00,43.33,,1745209609,,,,149.97,66232275,,,171.60,172.00,750,1200,2025-04-21 09:56:48.720
tf,NFO,79529,,,,,171.00,42.50,,1745209609,,,,,,,,,,,,2025-04-21 09:56:49.496
tf,NFO,79529,,,,,171.75,43.12,,1745209610,,,,149.98,66254325,,,171.55,171.75,450,150,2025-04-21 09:56:50.321
tf,NFO,79529,,,,,171.45,42.88,,1745209610,,,,,,,,,,,,2025-04-21 09:56:50.499
tf,NFO,79529,,,,,171.60,43.00,,1745209611,,,,,,,,,,,,2025-04-21 09:56:52.273
tf,NFO,79529,,,,,172.05,43.38,,1745209612,,,,149.99,66283575,,,171.60,172.00,975,525,2025-04-21 09:56:52.302
tf,NFO,79529,,,,,171.90,43.25,,1745209612,,,,,,,,,,,,2025-04-21 09:56:52.502
tf,NFO,79529,,,,,171.95,43.29,,1745209613,,,,,,,,,,,,2025-04-21 09:56:53.508
tf,NFO,79529,,,,,172.00,43.33,,1745209614,,,,,66294450,,,171.75,,600,1125,2025-04-21 09:56:53.722
tf,NFO,79529,,,,,171.35,42.79,,1745209614,,,,,,,,,,,,2025-04-21 09:56:54.504
tf,NFO,79529,,,,,172.35,43.62,,1745209615,,,,150.00,66321750,,,172.35,172.70,225,150,2025-04-21 09:56:55.327
tf,NFO,79529,,,,,172.45,43.71,,1745209616,,,,,,,,,,,,2025-04-21 09:56:56.503
tf,NFO,79529,,,,,172.40,43.67,,1745209617,,,,150.01,66342825,,,172.40,172.80,1275,1725,2025-04-21 09:56:57.127
tf,NFO,79529,,,,,172.90,44.08,,1745209617,,,,,,,,,,,,2025-04-21 09:56:57.506
tf,NFO,79529,,,,,172.10,43.42,,1745209618,,,,,,,,,,,,2025-04-21 09:56:58.633
tf,NFO,79529,,,,,172.25,43.54,,1745209619,,,,150.02,66362550,,,172.25,172.60,450,375,2025-04-21 09:56:58.848
tf,NFO,79529,,,,,172.65,43.88,,1745209619,,,,,,,,,,,,2025-04-21 09:56:59.519
tf,NFO,79529,,,,,173.25,44.38,,1745209620,,,,,66373650,,,173.00,173.35,,525,2025-04-21 09:57:00.334
tf,NFO,79529,,,,,173.20,44.33,,1745209621,,,,,,,,,,,,2025-04-21 09:57:00.704
tf,NFO,79529,,,,,173.85,44.88,,1745209621,,,,,,,,,,,,2025-04-21 09:57:01.503
tf,NFO,79529,,,,,174.50,45.42,,1745209622,,,,150.04,66414825,,,174.15,174.40,225,225,2025-04-21 09:57:01.941
tf,NFO,79529,,,,,173.75,44.79,,1745209622,,,,,,,,,,,,2025-04-21 09:57:02.507
tf,NFO,79529,,,,,173.70,44.75,,1745209623,,,,,,,,,,,,2025-04-21 09:57:03.508
tf,NFO,79529,,,,,173.40,44.50,,1745209624,,,,,66439800,,,173.40,173.75,600,300,2025-04-21 09:57:03.738
tf,NFO,79529,,,,,173.20,44.33,,1745209624,,,,,,,,,,,,2025-04-21 09:57:04.592
tf,NFO,79529,,,,,173.25,44.38,,1745209625,,,,150.05,66456525,,,172.90,173.25,,450,2025-04-21 09:57:05.354
tf,NFO,79529,,,,,173.55,44.62,,1745209625,,,,,,,,,,,,2025-04-21 09:57:05.575
tf,NFO,79529,,,,,173.50,44.58,,1745209626,,,,,,,,,,,,2025-04-21 09:57:06.519
tf,NFO,79529,,,,,172.70,43.92,,1745209627,,,,150.06,66484800,,,172.45,172.80,150,750,2025-04-21 09:57:06.948
tf,NFO,79529,,,,,172.50,43.75,,1745209627,,,,,,,,,,,,2025-04-21 09:57:07.515
tf,NFO,79529,,,,,172.00,43.33,,1745209628,,,,,,,,,,,,2025-04-21 09:57:08.525
tf,NFO,79529,,,,,172.35,43.62,,1745209629,,,,150.07,66502950,,,172.00,172.35,825,600,2025-04-21 09:57:08.762
tf,NFO,79529,,,,,172.95,44.12,,1745209629,,,,,,,,,,,,2025-04-21 09:57:09.514
tf,NFO,79529,,,,,173.35,44.46,,1745209630,,,,,66520500,,,173.05,173.40,300,375,2025-04-21 09:57:10.351
tf,NFO,79529,,,,,173.20,44.33,,1745209630,,,,,,,,,,,,2025-04-21 09:57:10.511
tf,NFO,79529,,,,,173.85,44.88,,1745209631,,,,,,,,,,,,2025-04-21 09:57:11.557
tf,NFO,79529,,,,,173.65,44.71,,1745209632,,,,150.08,66539625,,,173.40,173.70,,,2025-04-21 09:57:12.102
tf,NFO,79529,,,,,174.00,45.00,,1745209632,,,,,,,,,,,,2025-04-21 09:57:12.549
tf,NFO,79529,,,,,173.10,44.25,,1745209633,,,,,,,,,,,,2025-04-21 09:57:13.519
tf,NFO,79529,,,,,173.60,44.67,,1745209634,,,,150.09,66567225,,,173.45,173.75,,225,2025-04-21 09:57:13.767
tf,NFO,79529,,,,,174.55,45.46,,1745209634,,,,,,,,,,,,2025-04-21 09:57:14.526
tf,NFO,79529,,,,,174.60,45.50,,1745209635,,,,150.11,66614025,,,174.55,174.95,375,300,2025-04-21 09:57:15.359
tf,NFO,79529,,,,,174.40,45.33,,1745209636,,,,,,,,,,,,2025-04-21 09:57:15.711
tf,NFO,79529,,,,,173.35,44.46,,1745209636,,,,,,,,,,,,2025-04-21 09:57:16.519
tf,NFO,79529,,,,,174.30,45.25,,1745209637,,,,,66634425,,,173.80,174.15,750,,2025-04-21 09:57:16.969
tf,NFO,79529,,,,,173.90,44.92,,1745209637,,,,,,,,,,,,2025-04-21 09:57:17.515
tf,NFO,79529,,,,,173.95,44.96,,1745209638,,,,,,,,,,,,2025-04-21 09:57:18.515
tf,NFO,79529,,,,,173.85,44.88,,1745209639,,,,150.12,66660975,,,173.55,173.90,450,1125,2025-04-21 09:57:18.856
tf,NFO,79529,,,,,173.80,44.83,,1745209639,,,,,,,,,,,,2025-04-21 09:57:19.515
tf,NFO,79529,,,,,173.70,44.75,,1745209640,,,,150.13,66671175,,,173.70,174.05,675,225,2025-04-21 09:57:20.369
tf,NFO,79529,,,,,174.00,45.00,,1745209640,,,,,,,,,,,,2025-04-21 09:57:20.536
tf,NFO,79529,,,,,,,,1745209642,,,,,66683850,,,173.75,174.10,450,1200,2025-04-21 09:57:21.986
tf,NFO,79529,,,,,174.40,45.33,,1745209643,,,,,,,,,,,,2025-04-21 09:57:23.526
tf,NFO,79529,,,,,174.10,45.08,,1745209644,,,,150.14,66697350,,,174.10,174.45,300,300,2025-04-21 09:57:23.773
tf,NFO,79529,,,,,175.00,45.83,,1745209644,,,,,,,,,,,,2025-04-21 09:57:24.592
tf,NFO,79529,,,,,173.35,44.46,,1745209645,,,,,66715725,,,173.30,173.70,750,450,2025-04-21 09:57:25.428
tf,NFO,79529,,,,,173.05,44.21,,1745209645,,,,,,,,,,,,2025-04-21 09:57:25.652
tf,NFO,79529,,,,,174.65,45.54,,1745209646,,,,,,,,,,,,2025-04-21 09:57:26.534
tf,NFO,79529,,,,,175.00,45.83,,1745209647,,,,150.15,66735225,,,174.60,174.90,300,150,2025-04-21 09:57:26.975
tf,NFO,79529,,,,,174.90,45.75,,1745209647,,,,,,,,,,,,2025-04-21 09:57:27.526
tf,NFO,79529,,,,,174.40,45.33,,1745209648,,,,,,,,,,,,2025-04-21 09:57:28.523
tf,NFO,79529,,,,,174.50,45.42,,1745209649,,,,150.16,66761700,,,174.20,174.45,75,,2025-04-21 09:57:28.775
tf,NFO,79529,,,,,174.40,45.33,,1745209649,,,,,,,,,,,,2025-04-21 09:57:29.540
tf,NFO,79529,,,,,174.35,45.29,,1745209650,,,,150.17,66780150,,,174.25,174.60,525,300,2025-04-21 09:57:30.378
tf,NFO,79529,,,,,174.60,45.50,,1745209650,,,,,,,,,,,,2025-04-21 09:57:30.548
tf,NFO,79529,,,,,174.20,45.17,,1745209651,,,,,,,,,,,,2025-04-21 09:57:31.564
tf,NFO,79529,,,,,174.60,45.50,,1745209652,,,,,66792675,,,174.30,174.70,675,900,2025-04-21 09:57:31.982
tf,NFO,79529,,,,,174.30,45.25,,1745209652,,,,,,,,,,,,2025-04-21 09:57:32.615
tf,NFO,79529,,,,,173.80,44.83,,1745209653,,,,,,,,,,,,2025-04-21 09:57:33.526
tf,NFO,79529,,,,,173.95,44.96,,1745209654,,,,150.18,66815325,,,173.60,174.00,1050,600,2025-04-21 09:57:33.785
tf,NFO,79529,,,,,174.10,45.08,,1745209654,,,,,,,,,,,,2025-04-21 09:57:34.535
tf,NFO,79529,,,,,174.35,45.29,,1745209655,,,,,66826500,,,174.25,174.50,525,525,2025-04-21 09:57:35.385
tf,NFO,79529,,,,,174.20,45.17,,1745209655,,,,,,,,,,,,2025-04-21 09:57:35.537
tf,NFO,79529,,,,,174.00,45.00,,1745209656,,,,,,,,,,,,2025-04-21 09:57:36.528
tf,NFO,79529,,,,,173.80,44.83,,1745209657,,,,150.19,66844425,,,173.45,173.75,225,75,2025-04-21 09:57:36.986
tf,NFO,79529,,,,,174.35,45.29,,1745209657,,,,,,,,,,,,2025-04-21 09:57:37.545
tf,NFO,79529,,,,,174.65,45.54,,1745209658,,,,,,,,,,,,2025-04-21 09:57:38.554
tf,NFO,79529,,,,,175.00,45.83,,1745209658,,,,150.20,66866025,,,174.65,175.00,375,13875,2025-04-21 09:57:38.638
tf,NFO,79529,,,,,174.80,45.67,,1745209659,,,,,,,,,,,,2025-04-21 09:57:39.529
tf,NFO,79529,,,,,174.50,45.42,,1745209660,,,,150.21,66899925,,,174.20,174.55,75,600,2025-04-21 09:57:40.197
tf,NFO,79529,,,,,174.85,45.71,,1745209660,,,,,,9104100,,,,,,2025-04-21 09:57:40.537
tf,NFO,79529,,,,,174.65,45.54,,1745209661,,,,,,,,,,,,2025-04-21 09:57:41.529
tf,NFO,79529,,,,,174.60,45.50,,1745209662,,,,150.22,66919275,,,174.55,174.90,150,675,2025-04-21 09:57:42.011
tf,NFO,79529,,,,,175.35,46.12,,1745209662,,,,,,,,,,,,2025-04-21 09:57:42.530
tf,NFO,79529,,,,,175.40,46.17,,1745209663,,,,,,,,,,,,2025-04-21 09:57:43.533
tf,NFO,79529,,,,,175.45,46.21,,1745209663,,,,,66933225,,,175.40,175.75,525,600,2025-04-21 09:57:43.602
tf,NFO,79529,,,,,176.45,47.04,,1745209664,,,,,,,,,,,,2025-04-21 09:57:44.567
tf,NFO,79529,,,,,176.00,46.67,,1745209665,,,,150.24,66994875,,,175.95,176.25,,75,2025-04-21 09:57:45.343
tf,NFO,79529,,,,,176.15,46.79,,1745209665,,,,,,,,,,,,2025-04-21 09:57:45.544
tf,NFO,79529,,,,,177.95,48.29,,1745209666,,,,,,,,,,,,2025-04-21 09:57:46.532
tf,NFO,79529,,,,,178.05,48.38,,1745209667,,,,150.27,67046925,,,177.70,178.00,450,225,2025-04-21 09:57:47.003
tf,NFO,79529,,,,,177.05,47.54,,1745209667,,,,,,,,,,,,2025-04-21 09:57:47.532
tf,NFO,79529,,,,,174.85,45.71,,1745209668,,,,,,,,,,,,2025-04-21 09:57:48.532
tf,NFO,79529,,,,,174.70,45.58,,1745209668,,,,150.29,67104150,,,174.60,174.80,1200,,2025-04-21 09:57:48.631
tf,NFO,79529,,,,,173.60,44.67,,1745209669,,,,,,,,,,,,2025-04-21 09:57:49.534
tf,NFO,79529,,,,,174.00,45.00,,1745209670,,,,150.30,67151325,,,173.55,173.95,1125,600,2025-04-21 09:57:50.216
tf,NFO,79529,,,,,173.85,44.88,,1745209670,,,,,,,,,,,,2025-04-21 09:57:50.536
tf,NFO,79529,,,,,173.15,44.29,,1745209671,,,,,,,,,,,,2025-04-21 09:57:51.541
tf,NFO,79529,,,,,173.70,44.75,,1745209672,,,,150.32,67186425,,,173.45,173.75,150,75,2025-04-21 09:57:52.072
tf,NFO,79529,,,,,172.50,43.75,,1745209673,,,,,,,,,,,,2025-04-21 09:57:53.538
tf,NFO,79529,,,,,172.55,43.79,,1745209673,,,,,67202100,,,172.25,172.60,600,300,2025-04-21 09:57:53.897
tf,NFO,79529,,,,,172.20,43.50,,1745209675,,,,150.33,67226850,,,172.20,172.65,1800,900,2025-04-21 09:57:55.255
tf,NFO,79529,,,,,172.30,43.58,,1745209675,,,,,,,,,,,,2025-04-21 09:57:55.557
tf,NFO,79529,,,,,171.85,43.21,,1745209676,,,,,,,,,,,,2025-04-21 09:57:56.553
tf,NFO,79529,,,,,171.35,42.79,,1745209677,,,,150.34,67259325,,,171.25,171.60,375,375,2025-04-21 09:57:56.828
tf,NFO,79529,,,,,170.75,42.29,,1745209677,,,,,,,,,,,,2025-04-21 09:57:57.553
tf,NFO,79529,,,,,170.10,41.75,,1745209678,,,,,,,,,,,,2025-04-21 09:57:58.665
tf,NFO,79529,,,,,170.45,42.04,,1745209678,,,,150.35,67299750,,,170.40,170.70,75,450,2025-04-21 09:57:58.672
tf,NFO,79529,,,,,172.65,43.88,,1745209679,,,,,,,,,,,,2025-04-21 09:57:59.555
tf,NFO,79529,,,,,172.95,44.12,,1745209680,,,,150.36,67329300,,,172.95,173.20,300,300,2025-04-21 09:58:00.248
tf,NFO,79529,,,,,173.65,44.71,,1745209680,,,,,,,,,,,,2025-04-21 09:58:00.546
tf,NFO,79529,,,,,173.40,44.50,,1745209681,,,,,,,,,,,,2025-04-21 09:58:01.547
tf,NFO,79529,,,,,173.70,44.75,,1745209682,,,,150.37,67350375,,,173.35,173.75,600,600,2025-04-21 09:58:01.834
tf,NFO,79529,,,,,173.30,44.42,,1745209682,,,,,,,,,,,,2025-04-21 09:58:02.562
tf,NFO,79529,,,,,173.45,44.54,,1745209683,,,,,,,,,,,,2025-04-21 09:58:03.556
tf,NFO,79529,,,,,173.55,44.62,,1745209683,,,,150.38,67378275,,,173.40,,1650,300,2025-04-21 09:58:03.655
tf,NFO,79529,,,,,174.30,45.25,,1745209684,,,,,,,,,,,,2025-04-21 09:58:04.563
tf,NFO,79529,,,,,173.15,44.29,,1745209685,,,,,67392075,,,173.05,173.35,300,75,2025-04-21 09:58:05.252
tf,NFO,79529,,,,,173.30,44.42,,1745209685,,,,,,,,,,,,2025-04-21 09:58:05.857
tf,NFO,79529,,,,,173.20,44.33,,1745209686,,,,,,,,,,,,2025-04-21 09:58:06.563
tf,NFO,79529,,,,,173.00,44.17,,1745209687,,,,150.39,67418400,,,173.00,,450,825,2025-04-21 09:58:06.839
tf,NFO,79529,,,,,174.05,45.04,,1745209687,,,,,,,,,,,,2025-04-21 09:58:07.568
tf,NFO,79529,,,,,174.30,45.25,,1745209688,,,,150.40,67431600,,,174.30,174.60,750,75,2025-04-21 09:58:08.437
tf,NFO,79529,,,,,175.60,46.33,,1745209690,,,,,,,,,,,,2025-04-21 09:58:09.749
tf,NFO,79529,,,,,174.90,45.75,,1745209690,,,,150.41,67463025,,,174.80,175.20,1200,1275,2025-04-21 09:58:10.275
tf,NFO,79529,,,,,175.40,46.17,,1745209690,,,,,,,,,,,,2025-04-21 09:58:10.552
tf,NFO,79529,,,,,176.30,46.92,,1745209691,,,,,,,,,,,,2025-04-21 09:58:11.565
tf,NFO,79529,,,,,176.15,46.79,,1745209692,,,,150.43,67530750,,,176.10,176.50,1425,300,2025-04-21 09:58:11.946
tf,NFO,79529,,,,,176.00,46.67,,1745209692,,,,,,,,,,,,2025-04-21 09:58:12.591
tf,NFO,79529,,,,,175.60,46.33,,1745209693,,,,150.45,67557450,,,175.60,175.90,75,,2025-04-21 09:58:13.459
tf,NFO,79529,,,,,176.00,46.67,,1745209693,,,,,,,,,,,,2025-04-21 09:58:13.555
tf,NFO,79529,,,,,175.75,46.46,,1745209694,,,,,,,,,,,,2025-04-21 09:58:14.659
tf,NFO,79529,,,,,175.80,46.50,,1745209695,,,,150.46,67584225,,,175.80,176.15,375,150,2025-04-21 09:58:15.046
tf,NFO,79529,,,,,176.00,46.67,,1745209695,,,,,,,,,,,,2025-04-21 09:58:15.551
tf,NFO,79529,,,,,175.60,46.33,,1745209696,,,,,,,,,,,,2025-04-21 09:58:16.550
tf,NFO,79529,,,,,176.20,46.83,,1745209697,,,,150.47,67611600,,,,,675,225,2025-04-21 09:58:16.848
tf,NFO,79529,,,,,176.00,46.67,,1745209697,,,,,,,,,,,,2025-04-21 09:58:18.309
tf,NFO,79529,,,,,175.30,46.08,,1745209698,,,,150.48,67636725,,,175.40,175.75,375,750,2025-04-21 09:58:18.526
tf,NFO,79529,,,,,175.90,46.58,,1745209698,,,,,,,,,,,,2025-04-21 09:58:18.567
tf,NFO,79529,,,,,175.20,46.00,,1745209699,,,,,,,,,,,,2025-04-21 09:58:19.553
tf,NFO,79529,,,,,175.50,46.25,,1745209700,,,,,67655175,,,175.15,175.55,600,600,2025-04-21 09:58:20.057
tf,NFO,79529,,,,,175.15,45.96,,1745209700,,,,,,,,,,,,2025-04-21 09:58:20.549
tf,NFO,79529,,,,,174.95,45.79,,1745209701,,,,,,,,,,,,2025-04-21 09:58:21.551
tf,NFO,79529,,,,,175.25,46.04,,1745209702,,,,150.49,67683525,,,175.10,175.50,375,1275,2025-04-21 09:58:21.658
tf,NFO,79529,,,,,174.75,45.62,,1745209702,,,,,,,,,,,,2025-04-21 09:58:22.558
tf,NFO,79529,,,,,174.20,45.17,,1745209703,,,,150.50,67703700,,,174.25,174.60,600,675,2025-04-21 09:58:23.259
tf,NFO,79529,,,,,174.50,45.42,,1745209703,,,,,,,,,,,,2025-04-21 09:58:23.554
tf,NFO,79529,,,,,175.15,45.96,,1745209704,,,,,,,,,,,,2025-04-21 09:58:24.655
